ts,topic,type,ticker,price,qty,agent,rule,label,buy_agent,sell_agent,previous_delta,current_delta,agent_name
2026-03-18T00:00:00.075Z,market,trade,TESTE,100452.90946982049,155,,,,JPM,CS,,,
2026-03-18T00:00:00.233Z,market,trade,TESTE,100456.59387901744,44,,,,JPM,CS,,,
2026-03-18T00:00:00.392Z,market,trade,TESTE,100462.99472528466,191,,,,JPM,ITAU,,,
2026-03-18T00:00:00.551Z,market,trade,TESTE,100448.04212399427,188,,,,XP,BARCL,,,
2026-03-18T00:00:00.707Z,market,trade,TESTE,100447.39758188852,55,,,,XP,GOLDM,,,
2026-03-18T00:00:00.867Z,market,trade,TESTE,100455.20284429773,94,,,,BARCL,UBS,,,
2026-03-18T00:00:01.029Z,market,trade,TESTE,100454.6302310122,123,,,,ITAU,BTG,,,
2026-03-18T00:00:01.188Z,market,trade,TESTE,100443.26709397342,191,,,,BARCL,GOLDM,,,
2026-03-18T00:00:01.343Z,market,trade,TESTE,100452.24459130228,167,,,,ITAU,BARCL,,,
2026-03-18T00:00:01.507Z,market,trade,TESTE,100448.11333269915,17,,,,UBS,BARCL,,,
2026-03-18T00:00:01.667Z,market,trade,TESTE,100433.87174619672,54,,,,BTG,ITAU,,,
2026-03-18T00:00:01.821Z,market,trade,TESTE,100444.86785264433,23,,,,CS,MS,,,
2026-03-18T00:00:01.972Z,market,trade,TESTE,100438.8794683866,140,,,,BARCL,XP,,,
2026-03-18T00:00:02.130Z,market,trade,TESTE,100450.4368661856,127,,,,BARCL,CITI,,,
2026-03-18T00:00:02.291Z,market,trade,TESTE,100450.21606623637,45,,,,CITI,CITI,,,
2026-03-18T00:00:02.451Z,market,trade,TESTE,100437.75644163921,56,,,,CITI,BTG,,,
2026-03-18T00:00:02.604Z,market,trade,TESTE,100441.31222414116,188,,,,BTG,CITI,,,
2026-03-18T00:00:02.766Z,market,trade,TESTE,100441.02128818489,49,,,,BARCL,XP,,,
2026-03-18T00:00:02.928Z,market,trade,TESTE,100440.86526503773,16,,,,XP,MS,,,
2026-03-18T00:00:03.086Z,market,trade,TESTE,100444.40318160279,161,,,,CITI,ITAU,,,
2026-03-18T00:00:03.250Z,market,trade,TESTE,100456.97252473571,63,,,,CS,JPM,,,
2026-03-18T00:00:03.407Z,market,trade,TESTE,100455.75628821847,195,,,,XP,JPM,,,
2026-03-18T00:00:03.568Z,market,trade,TESTE,100452.36650613179,110,,,,CITI,UBS,,,
2026-03-18T00:00:03.731Z,market,trade,TESTE,100446.21736962968,16,,,,BTG,XP,,,
2026-03-18T00:00:03.891Z,market,trade,TESTE,100443.24445709432,128,,,,CS,ITAU,,,
2026-03-18T00:00:04.043Z,market,trade,TESTE,100447.69335078969,65,,,,CITI,BTG,,,
2026-03-18T00:00:04.200Z,market,trade,TESTE,100452.36752288454,125,,,,CITI,BARCL,,,
2026-03-18T00:00:04.357Z,market,trade,TESTE,100461.51754527936,115,,,,XP,UBS,,,
2026-03-18T00:00:04.507Z,market,trade,TESTE,100451.90551524714,118,,,,BARCL,MS,,,
2026-03-18T00:00:04.671Z,market,trade,TESTE,100452.20682700613,114,,,,BARCL,CITI,,,
2026-03-18T00:00:04.834Z,market,trade,TESTE,100464.36569944056,37,,,,UBS,CS,,,
2026-03-18T00:00:04.988Z,market,trade,TESTE,100458.389998341,162,,,,GOLDM,UBS,,,
2026-03-18T00:00:05.151Z,market,trade,TESTE,100456.32272794968,78,,,,JPM,JPM,,,
2026-03-18T00:00:05.305Z,market,trade,TESTE,100466.70250523828,119,,,,ITAU,UBS,,,
2026-03-18T00:00:05.468Z,market,trade,TESTE,100453.39173313677,165,,,,BARCL,ITAU,,,
2026-03-18T00:00:05.627Z,market,trade,TESTE,100457.06489150999,157,,,,ITAU,GOLDM,,,
2026-03-18T00:00:05.787Z,market,trade,TESTE,100452.75199676146,109,,,,GOLDM,CITI,,,
2026-03-18T00:00:05.943Z,market,trade,TESTE,100464.17042906905,110,,,,XP,CS,,,
2026-03-18T00:00:06.096Z,market,trade,TESTE,100466.02400187693,86,,,,JPM,XP,,,
2026-03-18T00:00:06.255Z,market,trade,TESTE,100467.40809283506,5,,,,BARCL,CITI,,,
2026-03-18T00:00:06.414Z,market,trade,TESTE,100454.44834779947,134,,,,CS,BTG,,,
2026-03-18T00:00:06.564Z,market,trade,TESTE,100465.13719723969,162,,,,MS,CS,,,
2026-03-18T00:00:06.723Z,market,trade,TESTE,100466.4241659672,90,,,,BTG,BTG,,,
2026-03-18T00:00:06.887Z,market,trade,TESTE,100457.22884866157,57,,,,CITI,ITAU,,,
2026-03-18T00:00:07.050Z,market,trade,TESTE,100471.41221141591,161,,,,BARCL,JPM,,,
2026-03-18T00:00:07.207Z,market,trade,TESTE,100461.76520632382,68,,,,BTG,GOLDM,,,
2026-03-18T00:00:07.363Z,market,trade,TESTE,100458.35805395883,87,,,,CITI,GOLDM,,,
2026-03-18T00:00:07.515Z,market,trade,TESTE,100464.61779019836,116,,,,GOLDM,GOLDM,,,
2026-03-18T00:00:07.671Z,market,trade,TESTE,100465.3856126122,55,,,,MS,JPM,,,
2026-03-18T00:00:07.825Z,market,trade,TESTE,100460.49244624624,143,,,,CITI,XP,,,
2026-03-18T00:00:07.990Z,market,trade,TESTE,100450.07983161796,56,,,,UBS,MS,,,
2026-03-18T00:00:08.144Z,market,trade,TESTE,100459.75779393748,79,,,,GOLDM,BTG,,,
2026-03-18T00:00:08.306Z,market,trade,TESTE,100464.2928701995,94,,,,CITI,GOLDM,,,
2026-03-18T00:00:08.466Z,market,trade,TESTE,100461.36581376362,30,,,,UBS,JPM,,,
2026-03-18T00:00:08.635Z,market,trade,TESTE,100463.38178552761,76,,,,UBS,CS,,,
2026-03-18T00:00:08.789Z,market,trade,TESTE,100461.51308056548,94,,,,GOLDM,ITAU,,,
2026-03-18T00:00:08.948Z,market,trade,TESTE,100448.43267422488,111,,,,BARCL,JPM,,,
2026-03-18T00:00:09.106Z,market,trade,TESTE,100454.6700560728,145,,,,ITAU,UBS,,,
2026-03-18T00:00:09.263Z,market,trade,TESTE,100451.27809605408,25,,,,BARCL,UBS,,,
2026-03-18T00:00:09.422Z,market,trade,TESTE,100453.81413676793,96,,,,CS,ITAU,,,
2026-03-18T00:00:09.574Z,market,trade,TESTE,100448.72076322135,186,,,,CS,BARCL,,,
2026-03-18T00:00:09.736Z,market,trade,TESTE,100447.15338774536,93,,,,UBS,GOLDM,,,
2026-03-18T00:00:09.891Z,market,trade,TESTE,100443.56888271056,19,,,,XP,BTG,,,
2026-03-18T00:00:10.051Z,market,trade,TESTE,100442.33512705205,28,,,,BTG,MS,,,
2026-03-18T00:00:10.207Z,market,trade,TESTE,100440.82855365647,121,,,,XP,UBS,,,
2026-03-18T00:00:10.365Z,market,trade,TESTE,100450.08086552445,130,,,,CS,ITAU,,,
2026-03-18T00:00:10.530Z,market,trade,TESTE,100454.42476394972,11,,,,CS,UBS,,,
2026-03-18T00:00:10.692Z,market,trade,TESTE,100451.06308312641,87,,,,JPM,ITAU,,,
2026-03-18T00:00:10.851Z,market,trade,TESTE,100437.6841372475,77,,,,ITAU,UBS,,,
2026-03-18T00:00:11.004Z,market,trade,TESTE,100449.98094835512,56,,,,MS,JPM,,,
2026-03-18T00:00:11.167Z,market,trade,TESTE,100438.54386259601,195,,,,XP,ITAU,,,
2026-03-18T00:00:11.330Z,market,trade,TESTE,100444.32721217116,22,,,,CS,BARCL,,,
2026-03-18T00:00:11.487Z,market,trade,TESTE,100444.9420703562,93,,,,ITAU,ITAU,,,
2026-03-18T00:00:11.648Z,market,trade,TESTE,100446.88513372792,106,,,,GOLDM,GOLDM,,,
2026-03-18T00:00:11.809Z,market,trade,TESTE,100448.19391618154,190,,,,BARCL,BTG,,,
2026-03-18T00:00:11.962Z,market,trade,TESTE,100450.6019397314,117,,,,UBS,GOLDM,,,
2026-03-18T00:00:12.117Z,market,trade,TESTE,100436.75701138887,64,,,,CITI,BARCL,,,
2026-03-18T00:00:12.275Z,market,trade,TESTE,100438.45892094221,125,,,,MS,BARCL,,,
2026-03-18T00:00:12.435Z,market,trade,TESTE,100449.02273287142,68,,,,BTG,JPM,,,
2026-03-18T00:00:12.594Z,market,trade,TESTE,100435.6128147768,26,,,,CS,UBS,,,
2026-03-18T00:00:12.755Z,market,trade,TESTE,100448.03837207703,102,,,,BARCL,ITAU,,,
2026-03-18T00:00:12.906Z,market,trade,TESTE,100441.28270815492,80,,,,MS,BARCL,,,
2026-03-18T00:00:13.066Z,market,trade,TESTE,100438.1021889692,187,,,,ITAU,ITAU,,,
2026-03-18T00:00:13.220Z,market,trade,TESTE,100444.34277168644,114,,,,MS,UBS,,,
2026-03-18T00:00:13.372Z,market,trade,TESTE,100443.56598630319,116,,,,XP,GOLDM,,,
2026-03-18T00:00:13.531Z,market,trade,TESTE,100444.20240042359,173,,,,MS,BTG,,,
2026-03-18T00:00:13.686Z,market,trade,TESTE,100444.7734741511,164,,,,CS,UBS,,,
2026-03-18T00:00:13.847Z,market,trade,TESTE,100449.3139932657,70,,,,ITAU,CS,,,
2026-03-18T00:00:14.007Z,market,trade,TESTE,100447.90561330658,60,,,,CITI,ITAU,,,
2026-03-18T00:00:14.160Z,market,trade,TESTE,100446.43618110935,158,,,,MS,GOLDM,,,
2026-03-18T00:00:14.311Z,market,trade,TESTE,100446.3265016613,179,,,,UBS,GOLDM,,,
2026-03-18T00:00:14.467Z,market,trade,TESTE,100437.81106475001,67,,,,ITAU,CS,,,
2026-03-18T00:00:14.631Z,market,trade,TESTE,100450.89621103166,62,,,,UBS,XP,,,
2026-03-18T00:00:14.788Z,market,trade,TESTE,100452.50600051055,27,,,,JPM,BARCL,,,
2026-03-18T00:00:14.951Z,market,trade,TESTE,100456.3789471679,19,,,,CITI,BARCL,,,
2026-03-18T00:00:15.107Z,market,trade,TESTE,100444.47288200518,96,,,,CITI,BARCL,,,
2026-03-18T00:00:15.267Z,market,trade,TESTE,100444.11953805153,62,,,,GOLDM,XP,,,
2026-03-18T00:00:15.436Z,market,trade,TESTE,100452.10957673557,44,,,,CS,ITAU,,,
2026-03-18T00:00:15.587Z,market,trade,TESTE,100438.5722713489,138,,,,BARCL,UBS,,,
2026-03-18T00:00:15.751Z,market,trade,TESTE,100446.99435288845,42,,,,CITI,JPM,,,
2026-03-18T00:00:15.907Z,market,trade,TESTE,100450.94005477836,117,,,,UBS,BARCL,,,
2026-03-18T00:00:16.066Z,market,trade,TESTE,100445.13095598413,149,,,,GOLDM,BTG,,,
2026-03-18T00:00:16.235Z,market,trade,TESTE,100446.50492899408,134,,,,CITI,XP,,,
2026-03-18T00:00:16.389Z,market,trade,TESTE,100445.89006959963,130,,,,JPM,JPM,,,
2026-03-18T00:00:16.551Z,market,trade,TESTE,100456.78675553476,140,,,,BARCL,UBS,,,
2026-03-18T00:00:16.703Z,market,trade,TESTE,100456.45478073494,44,,,,MS,CITI,,,
2026-03-18T00:00:16.867Z,market,trade,TESTE,100445.73005497872,117,,,,ITAU,MS,,,
2026-03-18T00:00:17.029Z,market,trade,TESTE,100441.68501987818,125,,,,ITAU,CS,,,
2026-03-18T00:00:17.185Z,market,trade,TESTE,100438.96066506371,95,,,,JPM,UBS,,,
2026-03-18T00:00:17.348Z,market,trade,TESTE,100449.53928029504,129,,,,XP,BTG,,,
2026-03-18T00:00:17.507Z,market,trade,TESTE,100439.27405576498,87,,,,GOLDM,ITAU,,,
2026-03-18T00:00:17.666Z,market,trade,TESTE,100442.28191392135,136,,,,UBS,BARCL,,,
2026-03-18T00:00:17.817Z,market,trade,TESTE,100446.79114535596,42,,,,JPM,CS,,,
2026-03-18T00:00:17.972Z,market,trade,TESTE,100450.6863568369,119,,,,GOLDM,MS,,,
2026-03-18T00:00:18.123Z,market,trade,TESTE,100463.55586113775,74,,,,UBS,GOLDM,,,
2026-03-18T00:00:18.276Z,market,trade,TESTE,100459.29738852211,155,,,,ITAU,CS,,,
2026-03-18T00:00:18.435Z,market,trade,TESTE,100447.78603316518,16,,,,JPM,MS,,,
2026-03-18T00:00:18.588Z,market,trade,TESTE,100461.668996554,51,,,,ITAU,CITI,,,
2026-03-18T00:00:18.747Z,market,trade,TESTE,100450.3250531059,73,,,,ITAU,ITAU,,,
2026-03-18T00:00:18.907Z,market,trade,TESTE,100448.56355599985,48,,,,CITI,BTG,,,
2026-03-18T00:00:19.066Z,market,trade,TESTE,100461.14708842595,79,,,,ITAU,ITAU,,,
2026-03-18T00:00:19.223Z,market,trade,TESTE,100466.07459869373,63,,,,CITI,UBS,,,
2026-03-18T00:00:19.377Z,market,trade,TESTE,100457.65412519583,91,,,,BARCL,CITI,,,
2026-03-18T00:00:19.528Z,market,trade,TESTE,100466.72782028829,42,,,,ITAU,MS,,,
2026-03-18T00:00:19.691Z,market,trade,TESTE,100459.25252963959,144,,,,GOLDM,UBS,,,
2026-03-18T00:00:19.844Z,market,trade,TESTE,100458.64353248458,9,,,,MS,MS,,,
2026-03-18T00:00:20.005Z,market,trade,TESTE,100461.40934117044,56,,,,BTG,GOLDM,,,
2026-03-18T00:00:20.166Z,market,trade,TESTE,100465.51792851844,54,,,,JPM,CS,,,
2026-03-18T00:00:20.331Z,market,trade,TESTE,100478.4001880399,64,,,,JPM,CITI,,,
2026-03-18T00:00:20.495Z,market,trade,TESTE,100475.72805590599,7,,,,CS,CS,,,
2026-03-18T00:00:20.655Z,market,trade,TESTE,100478.24698926658,60,,,,XP,MS,,,
2026-03-18T00:00:20.812Z,market,trade,TESTE,100478.03544349935,180,,,,ITAU,ITAU,,,
2026-03-18T00:00:20.963Z,market,trade,TESTE,100469.06358595793,199,,,,XP,GOLDM,,,
2026-03-18T00:00:21.115Z,market,trade,TESTE,100466.15283316615,60,,,,BTG,UBS,,,
2026-03-18T00:00:21.268Z,market,trade,TESTE,100468.38395602685,165,,,,XP,GOLDM,,,
2026-03-18T00:00:21.435Z,market,trade,TESTE,100474.44716579808,28,,,,JPM,BTG,,,
2026-03-18T00:00:21.596Z,market,trade,TESTE,100467.57472044055,179,,,,CITI,ITAU,,,
2026-03-18T00:00:21.751Z,market,trade,TESTE,100463.97441820908,52,,,,CITI,UBS,,,
2026-03-18T00:00:21.911Z,market,trade,TESTE,100467.18592341652,34,,,,CITI,MS,,,
2026-03-18T00:00:22.075Z,market,trade,TESTE,100478.61519250844,66,,,,CITI,BARCL,,,
2026-03-18T00:00:22.229Z,market,trade,TESTE,100464.0249034796,139,,,,BTG,JPM,,,
2026-03-18T00:00:22.381Z,market,trade,TESTE,100465.37672214823,16,,,,BARCL,XP,,,
2026-03-18T00:00:22.536Z,market,trade,TESTE,100480.15278129396,166,,,,CS,MS,,,
2026-03-18T00:00:22.691Z,market,trade,TESTE,100465.68975377562,5,,,,BARCL,CITI,,,
2026-03-18T00:00:22.855Z,market,trade,TESTE,100474.98736852728,163,,,,CS,ITAU,,,
2026-03-18T00:00:23.014Z,market,trade,TESTE,100478.03636659941,114,,,,UBS,GOLDM,,,
2026-03-18T00:00:23.171Z,market,trade,TESTE,100466.53900552905,95,,,,UBS,XP,,,
2026-03-18T00:00:23.327Z,market,trade,TESTE,100477.62311122358,66,,,,MS,CS,,,
2026-03-18T00:00:23.487Z,market,trade,TESTE,100464.63261955873,56,,,,UBS,BTG,,,
2026-03-18T00:00:23.649Z,market,trade,TESTE,100471.91332114453,68,,,,BARCL,CITI,,,
2026-03-18T00:00:23.804Z,market,trade,TESTE,100468.10396992939,175,,,,XP,BARCL,,,
2026-03-18T00:00:23.964Z,market,trade,TESTE,100472.84413041112,78,,,,CITI,ITAU,,,
2026-03-18T00:00:24.115Z,market,trade,TESTE,100467.79354744418,63,,,,BTG,UBS,,,
2026-03-18T00:00:24.276Z,market,trade,TESTE,100466.73877245474,194,,,,XP,CITI,,,
2026-03-18T00:00:24.436Z,market,trade,TESTE,100480.48322814654,80,,,,CITI,GOLDM,,,
2026-03-18T00:00:24.593Z,market,trade,TESTE,100474.73741925655,61,,,,BARCL,BARCL,,,
2026-03-18T00:00:24.755Z,market,trade,TESTE,100471.0702253857,74,,,,CS,CITI,,,
2026-03-18T00:00:24.915Z,market,trade,TESTE,100482.53975701737,18,,,,CITI,BTG,,,
2026-03-18T00:00:25.075Z,market,trade,TESTE,100486.96048699676,156,,,,MS,MS,,,
2026-03-18T00:00:25.236Z,market,trade,TESTE,100487.22701079378,48,,,,XP,BTG,,,
2026-03-18T00:00:25.394Z,market,trade,TESTE,100474.0180934116,110,,,,BARCL,UBS,,,
2026-03-18T00:00:25.555Z,market,trade,TESTE,100478.9649639012,57,,,,JPM,GOLDM,,,
2026-03-18T00:00:25.714Z,market,trade,TESTE,100478.46369669939,137,,,,XP,XP,,,
2026-03-18T00:00:25.866Z,market,trade,TESTE,100487.68762275286,168,,,,CITI,CITI,,,
2026-03-18T00:00:26.028Z,market,trade,TESTE,100480.90293637305,141,,,,CITI,MS,,,
2026-03-18T00:00:26.191Z,market,trade,TESTE,100479.45614237188,72,,,,BARCL,BARCL,,,
2026-03-18T00:00:26.345Z,market,trade,TESTE,100477.69281049163,26,,,,BARCL,JPM,,,
2026-03-18T00:00:26.506Z,market,trade,TESTE,100477.4150214167,161,,,,BTG,XP,,,
2026-03-18T00:00:26.666Z,market,trade,TESTE,100474.49094573273,12,,,,JPM,BARCL,,,
2026-03-18T00:00:26.823Z,market,trade,TESTE,100481.69892634246,144,,,,BTG,MS,,,
2026-03-18T00:00:26.975Z,market,trade,TESTE,100468.12961345127,120,,,,UBS,ITAU,,,
2026-03-18T00:00:27.133Z,market,trade,TESTE,100469.92077357313,172,,,,BARCL,JPM,,,
2026-03-18T00:00:27.291Z,market,trade,TESTE,100464.97448346499,170,,,,GOLDM,CITI,,,
2026-03-18T00:00:27.446Z,market,trade,TESTE,100466.51412418365,160,,,,UBS,CS,,,
2026-03-18T00:00:27.604Z,market,trade,TESTE,100463.50507341164,151,,,,CS,XP,,,
2026-03-18T00:00:27.763Z,market,trade,TESTE,100473.99231032505,133,,,,CS,JPM,,,
2026-03-18T00:00:27.916Z,market,trade,TESTE,100459.61637687492,51,,,,GOLDM,GOLDM,,,
2026-03-18T00:00:28.068Z,market,trade,TESTE,100469.38580484703,103,,,,MS,BTG,,,
2026-03-18T00:00:28.229Z,market,trade,TESTE,100458.46320503237,101,,,,BTG,XP,,,
2026-03-18T00:00:28.384Z,market,trade,TESTE,100454.65160100591,9,,,,CS,JPM,,,
2026-03-18T00:00:28.535Z,market,trade,TESTE,100452.52662377244,144,,,,GOLDM,BARCL,,,
2026-03-18T00:00:28.691Z,market,trade,TESTE,100453.84703656801,129,,,,UBS,CITI,,,
2026-03-18T00:00:28.850Z,market,trade,TESTE,100467.19066502353,141,,,,MS,XP,,,
2026-03-18T00:00:29.005Z,market,trade,TESTE,100467.97753209616,6,,,,MS,ITAU,,,
2026-03-18T00:00:29.165Z,market,trade,TESTE,100467.8788998091,95,,,,CITI,CS,,,
2026-03-18T00:00:29.324Z,market,trade,TESTE,100461.40386476967,146,,,,JPM,BARCL,,,
2026-03-18T00:00:29.475Z,market,trade,TESTE,100456.99603775788,90,,,,CS,CS,,,
2026-03-18T00:00:29.635Z,market,trade,TESTE,100470.34186392435,143,,,,UBS,UBS,,,
2026-03-18T00:00:29.792Z,market,trade,TESTE,100458.41101936394,43,,,,CS,BTG,,,
2026-03-18T00:00:29.943Z,market,trade,TESTE,100463.72932553141,136,,,,GOLDM,CITI,,,
2026-03-18T00:00:30.095Z,market,trade,TESTE,100452.24140499617,200,,,,ITAU,CS,,,
2026-03-18T00:00:30.256Z,market,trade,TESTE,100457.30663145354,199,,,,ITAU,BTG,,,
2026-03-18T00:00:30.408Z,market,trade,TESTE,100452.74782177276,192,,,,BARCL,MS,,,
2026-03-18T00:00:30.565Z,market,trade,TESTE,100440.18514023199,99,,,,MS,ITAU,,,
2026-03-18T00:00:30.724Z,market,trade,TESTE,100445.92548564008,166,,,,BARCL,CS,,,
2026-03-18T00:00:30.875Z,market,trade,TESTE,100443.5602532768,93,,,,BTG,UBS,,,
2026-03-18T00:00:31.035Z,market,trade,TESTE,100438.22662053292,173,,,,CITI,XP,,,
2026-03-18T00:00:31.191Z,market,trade,TESTE,100451.46310515974,196,,,,JPM,ITAU,,,
2026-03-18T00:00:31.344Z,market,trade,TESTE,100451.91905425722,39,,,,CS,CITI,,,
2026-03-18T00:00:31.507Z,market,trade,TESTE,100438.46885324297,166,,,,BTG,CS,,,
2026-03-18T00:00:31.663Z,market,trade,TESTE,100450.71900219767,198,,,,GOLDM,MS,,,
2026-03-18T00:00:31.817Z,market,trade,TESTE,100451.01734809342,200,,,,CS,CITI,,,
2026-03-18T00:00:31.982Z,market,trade,TESTE,100446.75401925578,161,,,,ITAU,CITI,,,
2026-03-18T00:00:32.135Z,market,trade,TESTE,100440.13980142842,145,,,,CS,BTG,,,
2026-03-18T00:00:32.287Z,market,trade,TESTE,100452.88418543676,45,,,,GOLDM,BARCL,,,
2026-03-18T00:00:32.451Z,market,trade,TESTE,100449.92512120471,169,,,,MS,BARCL,,,
2026-03-18T00:00:32.614Z,market,trade,TESTE,100453.85966201039,84,,,,MS,GOLDM,,,
2026-03-18T00:00:32.779Z,market,trade,TESTE,100444.45636207539,27,,,,JPM,CITI,,,
2026-03-18T00:00:32.936Z,market,trade,TESTE,100442.40337428582,150,,,,MS,JPM,,,
2026-03-18T00:00:33.092Z,market,trade,TESTE,100448.91374158704,21,,,,CITI,BTG,,,
2026-03-18T00:00:33.248Z,market,trade,TESTE,100441.34650499895,74,,,,CITI,CS,,,
2026-03-18T00:00:33.407Z,market,trade,TESTE,100453.9048449097,186,,,,MS,CS,,,
2026-03-18T00:00:33.559Z,market,trade,TESTE,100448.8931575516,30,,,,BARCL,UBS,,,
2026-03-18T00:00:33.716Z,market,trade,TESTE,100458.96187355657,14,,,,BARCL,MS,,,
2026-03-18T00:00:33.866Z,market,trade,TESTE,100459.33927663184,93,,,,JPM,GOLDM,,,
2026-03-18T00:00:34.029Z,market,trade,TESTE,100463.4461202642,82,,,,BTG,XP,,,
2026-03-18T00:00:34.186Z,market,trade,TESTE,100465.17808183376,25,,,,CITI,ITAU,,,
2026-03-18T00:00:34.346Z,market,trade,TESTE,100469.86380908801,117,,,,JPM,UBS,,,
2026-03-18T00:00:34.507Z,market,trade,TESTE,100473.59770352795,161,,,,CITI,CITI,,,
2026-03-18T00:00:34.671Z,market,trade,TESTE,100459.39467006255,155,,,,ITAU,GOLDM,,,
2026-03-18T00:00:34.823Z,market,trade,TESTE,100461.54016109329,43,,,,CS,ITAU,,,
2026-03-18T00:00:34.979Z,market,trade,TESTE,100457.95250618485,108,,,,ITAU,CS,,,
2026-03-18T00:00:35.135Z,market,trade,TESTE,100457.1985872503,74,,,,ITAU,JPM,,,
2026-03-18T00:00:35.295Z,market,trade,TESTE,100466.58332158296,132,,,,MS,MS,,,
2026-03-18T00:00:35.449Z,market,trade,TESTE,100467.21249363806,7,,,,BARCL,BARCL,,,
2026-03-18T00:00:35.609Z,market,trade,TESTE,100455.23625607601,48,,,,XP,BARCL,,,
2026-03-18T00:00:35.772Z,market,trade,TESTE,100454.41817063137,123,,,,CS,BARCL,,,
2026-03-18T00:00:35.927Z,market,trade,TESTE,100466.66657266632,24,,,,ITAU,MS,,,
2026-03-18T00:00:36.087Z,market,trade,TESTE,100462.19490743357,19,,,,BTG,JPM,,,
2026-03-18T00:00:36.251Z,market,trade,TESTE,100448.25666221122,145,,,,ITAU,BTG,,,
2026-03-18T00:00:36.413Z,market,trade,TESTE,100445.39095325979,183,,,,CS,CITI,,,
2026-03-18T00:00:36.564Z,market,trade,TESTE,100446.4153601454,164,,,,BARCL,XP,,,
2026-03-18T00:00:36.715Z,market,trade,TESTE,100442.10981158102,199,,,,BTG,XP,,,
2026-03-18T00:00:36.867Z,market,trade,TESTE,100444.57625064837,131,,,,ITAU,CITI,,,
2026-03-18T00:00:37.023Z,market,trade,TESTE,100447.57983017356,192,,,,BTG,BARCL,,,
2026-03-18T00:00:37.181Z,market,trade,TESTE,100457.6275649593,53,,,,CS,GOLDM,,,
2026-03-18T00:00:37.336Z,market,trade,TESTE,100443.89009094749,151,,,,GOLDM,UBS,,,
2026-03-18T00:00:37.491Z,market,trade,TESTE,100449.07120840136,131,,,,CS,UBS,,,
2026-03-18T00:00:37.643Z,market,trade,TESTE,100450.22763186123,89,,,,UBS,CS,,,
2026-03-18T00:00:37.804Z,market,trade,TESTE,100445.93156883551,187,,,,BARCL,BTG,,,
2026-03-18T00:00:37.964Z,market,trade,TESTE,100435.91741341761,9,,,,CITI,BTG,,,
2026-03-18T00:00:38.115Z,market,trade,TESTE,100439.30338271073,98,,,,UBS,CITI,,,
2026-03-18T00:00:38.267Z,market,trade,TESTE,100442.76925912769,186,,,,MS,CS,,,
2026-03-18T00:00:38.420Z,market,trade,TESTE,100447.58152094437,5,,,,CITI,MS,,,
2026-03-18T00:00:38.583Z,market,trade,TESTE,100455.78862803032,102,,,,BTG,CS,,,
2026-03-18T00:00:38.736Z,market,trade,TESTE,100456.39171649856,18,,,,BTG,BARCL,,,
2026-03-18T00:00:38.895Z,market,trade,TESTE,100446.6606533582,198,,,,GOLDM,ITAU,,,
2026-03-18T00:00:39.045Z,market,trade,TESTE,100442.82747484851,84,,,,UBS,MS,,,
2026-03-18T00:00:39.204Z,market,trade,TESTE,100448.46635852753,173,,,,JPM,BTG,,,
2026-03-18T00:00:39.366Z,market,trade,TESTE,100444.83021843828,182,,,,XP,GOLDM,,,
2026-03-18T00:00:39.525Z,market,trade,TESTE,100430.1534429718,71,,,,GOLDM,UBS,,,
2026-03-18T00:00:39.691Z,market,trade,TESTE,100439.49282341842,68,,,,JPM,BARCL,,,
2026-03-18T00:00:39.844Z,market,trade,TESTE,100439.3118730654,5,,,,CITI,JPM,,,
2026-03-18T00:00:39.999Z,market,trade,TESTE,100440.06206732472,38,,,,XP,MS,,,
2026-03-18T00:00:40.155Z,market,trade,TESTE,100433.65681675477,50,,,,BTG,ITAU,,,
2026-03-18T00:00:40.306Z,market,trade,TESTE,100437.38813231443,153,,,,BARCL,CS,,,
2026-03-18T00:00:40.470Z,market,trade,TESTE,100445.14698910837,66,,,,BARCL,XP,,,
2026-03-18T00:00:40.634Z,market,trade,TESTE,100442.48053196396,41,,,,UBS,JPM,,,
2026-03-18T00:00:40.789Z,market,trade,TESTE,100432.42705637543,198,,,,UBS,BARCL,,,
2026-03-18T00:00:40.939Z,market,trade,TESTE,100431.0764311404,91,,,,MS,UBS,,,
2026-03-18T00:00:41.095Z,market,trade,TESTE,100429.06198386653,110,,,,ITAU,JPM,,,
2026-03-18T00:00:41.246Z,market,trade,TESTE,100427.48741376084,20,,,,MS,MS,,,
2026-03-18T00:00:41.405Z,market,trade,TESTE,100436.74615248415,173,,,,GOLDM,CS,,,
2026-03-18T00:00:41.560Z,market,trade,TESTE,100422.82621564502,106,,,,ITAU,MS,,,
2026-03-18T00:00:41.710Z,market,trade,TESTE,100428.52626397608,116,,,,XP,JPM,,,
2026-03-18T00:00:41.868Z,market,trade,TESTE,100432.64656327096,152,,,,BTG,BTG,,,
2026-03-18T00:00:42.022Z,market,trade,TESTE,100423.96718333906,20,,,,MS,ITAU,,,
2026-03-18T00:00:42.181Z,market,trade,TESTE,100431.62604180656,176,,,,XP,MS,,,
2026-03-18T00:00:42.335Z,market,trade,TESTE,100420.604216096,6,,,,JPM,BTG,,,
2026-03-18T00:00:42.486Z,market,trade,TESTE,100430.85999400247,194,,,,UBS,CS,,,
2026-03-18T00:00:42.647Z,market,trade,TESTE,100419.66194012639,6,,,,CITI,GOLDM,,,
2026-03-18T00:00:42.809Z,market,trade,TESTE,100425.35339807415,178,,,,MS,XP,,,
2026-03-18T00:00:42.963Z,market,trade,TESTE,100424.6928270322,22,,,,UBS,GOLDM,,,
2026-03-18T00:00:43.117Z,market,trade,TESTE,100414.99515962339,22,,,,CS,UBS,,,
2026-03-18T00:00:43.268Z,market,trade,TESTE,100415.23461648423,83,,,,ITAU,JPM,,,
2026-03-18T00:00:43.423Z,market,trade,TESTE,100412.81719488073,150,,,,JPM,BTG,,,
2026-03-18T00:00:43.574Z,market,trade,TESTE,100421.99970652933,109,,,,BTG,MS,,,
2026-03-18T00:00:43.731Z,market,trade,TESTE,100413.54671760739,141,,,,CITI,MS,,,
2026-03-18T00:00:43.895Z,market,trade,TESTE,100414.58977404579,190,,,,CS,CITI,,,
2026-03-18T00:00:44.055Z,market,trade,TESTE,100416.43935806672,196,,,,UBS,GOLDM,,,
2026-03-18T00:00:44.214Z,market,trade,TESTE,100416.54243181934,138,,,,MS,BTG,,,
2026-03-18T00:00:44.379Z,market,trade,TESTE,100420.91646271685,95,,,,UBS,JPM,,,
2026-03-18T00:00:44.535Z,market,trade,TESTE,100426.27060465548,126,,,,MS,MS,,,
2026-03-18T00:00:44.695Z,market,trade,TESTE,100416.3223133899,48,,,,UBS,JPM,,,
2026-03-18T00:00:44.851Z,market,trade,TESTE,100416.22582327205,66,,,,BTG,JPM,,,
2026-03-18T00:00:45.006Z,market,trade,TESTE,100413.62975835266,120,,,,ITAU,CITI,,,
2026-03-18T00:00:45.164Z,market,trade,TESTE,100421.95141316325,138,,,,CS,JPM,,,
2026-03-18T00:00:45.322Z,market,trade,TESTE,100416.29470815019,142,,,,BTG,UBS,,,
2026-03-18T00:00:45.481Z,market,trade,TESTE,100416.15675771829,145,,,,UBS,UBS,,,
2026-03-18T00:00:45.635Z,market,trade,TESTE,100412.12864715244,17,,,,XP,UBS,,,
2026-03-18T00:00:45.796Z,market,trade,TESTE,100417.88597786335,131,,,,ITAU,CS,,,
2026-03-18T00:00:45.950Z,market,trade,TESTE,100403.87062281396,137,,,,UBS,MS,,,
2026-03-18T00:00:46.115Z,market,trade,TESTE,100401.66733189173,128,,,,GOLDM,UBS,,,
2026-03-18T00:00:46.275Z,market,trade,TESTE,100396.7975277737,28,,,,BTG,CITI,,,
2026-03-18T00:00:46.435Z,market,trade,TESTE,100410.80967802371,16,,,,GOLDM,UBS,,,
2026-03-18T00:00:46.596Z,market,trade,TESTE,100398.78534668013,71,,,,UBS,UBS,,,
2026-03-18T00:00:46.747Z,market,trade,TESTE,100404.63775965417,122,,,,CS,BTG,,,
2026-03-18T00:00:46.902Z,market,trade,TESTE,100391.17407900387,96,,,,GOLDM,BTG,,,
2026-03-18T00:00:47.061Z,market,trade,TESTE,100387.53097341493,54,,,,MS,CS,,,
2026-03-18T00:00:47.219Z,market,trade,TESTE,100394.45021351906,170,,,,UBS,MS,,,
2026-03-18T00:00:47.385Z,market,trade,TESTE,100379.60935035712,66,,,,ITAU,BTG,,,
2026-03-18T00:00:47.541Z,market,trade,TESTE,100388.01681693888,132,,,,CITI,MS,,,
2026-03-18T00:00:47.693Z,market,trade,TESTE,100381.23382014074,155,,,,CITI,ITAU,,,
2026-03-18T00:00:47.856Z,market,trade,TESTE,100379.46663966188,89,,,,UBS,MS,,,
2026-03-18T00:00:48.010Z,market,trade,TESTE,100377.3269132926,18,,,,BTG,BARCL,,,
2026-03-18T00:00:48.164Z,market,trade,TESTE,100373.71272909365,47,,,,MS,ITAU,,,
2026-03-18T00:00:48.323Z,market,trade,TESTE,100373.21955964122,193,,,,ITAU,UBS,,,
2026-03-18T00:00:48.475Z,market,trade,TESTE,100387.5926872803,154,,,,BARCL,BTG,,,
2026-03-18T00:00:48.631Z,market,trade,TESTE,100381.91342792501,179,,,,MS,CS,,,
2026-03-18T00:00:48.784Z,market,trade,TESTE,100383.73945914395,53,,,,ITAU,ITAU,,,
2026-03-18T00:00:48.946Z,market,trade,TESTE,100396.36360079556,122,,,,XP,BARCL,,,
2026-03-18T00:00:49.103Z,market,trade,TESTE,100399.8763943175,77,,,,MS,CITI,,,
2026-03-18T00:00:49.255Z,market,trade,TESTE,100388.20602309598,61,,,,BARCL,ITAU,,,
2026-03-18T00:00:49.407Z,market,trade,TESTE,100392.26125450373,153,,,,BTG,ITAU,,,
2026-03-18T00:00:49.561Z,market,trade,TESTE,100400.14413659794,80,,,,BTG,BARCL,,,
2026-03-18T00:00:49.715Z,market,trade,TESTE,100389.29691067425,169,,,,CITI,UBS,,,
2026-03-18T00:00:49.876Z,market,trade,TESTE,100398.6565719218,89,,,,JPM,CITI,,,
2026-03-18T00:00:50.029Z,market,trade,TESTE,100392.78277783396,103,,,,BTG,CS,,,
2026-03-18T00:00:50.188Z,market,trade,TESTE,100398.89308609413,135,,,,JPM,CS,,,
2026-03-18T00:00:50.351Z,market,trade,TESTE,100401.83248471386,186,,,,JPM,BARCL,,,
2026-03-18T00:00:50.511Z,market,trade,TESTE,100406.19155966167,100,,,,UBS,CITI,,,
2026-03-18T00:00:50.665Z,market,trade,TESTE,100394.58939164094,16,,,,CITI,XP,,,
2026-03-18T00:00:50.817Z,market,trade,TESTE,100405.84150989872,50,,,,MS,CS,,,
2026-03-18T00:00:50.975Z,market,trade,TESTE,100406.49568296588,102,,,,MS,BTG,,,
2026-03-18T00:00:51.135Z,market,trade,TESTE,100406.99092538613,6,,,,GOLDM,CS,,,
2026-03-18T00:00:51.295Z,market,trade,TESTE,100397.70204295794,22,,,,CITI,UBS,,,
2026-03-18T00:00:51.455Z,market,trade,TESTE,100406.81961950984,115,,,,GOLDM,CITI,,,
2026-03-18T00:00:51.612Z,market,trade,TESTE,100397.99568412203,7,,,,BTG,CS,,,
2026-03-18T00:00:51.764Z,market,trade,TESTE,100401.42514835166,62,,,,CS,BTG,,,
2026-03-18T00:00:51.915Z,market,trade,TESTE,100400.22932417682,192,,,,XP,UBS,,,
2026-03-18T00:00:52.075Z,market,trade,TESTE,100399.63933538408,154,,,,CS,BARCL,,,
2026-03-18T00:00:52.230Z,market,trade,TESTE,100411.3039415758,33,,,,MS,MS,,,
2026-03-18T00:00:52.393Z,market,trade,TESTE,100412.47521799385,63,,,,XP,JPM,,,
2026-03-18T00:00:52.551Z,market,trade,TESTE,100415.06253543188,163,,,,BARCL,GOLDM,,,
2026-03-18T00:00:52.706Z,market,trade,TESTE,100400.09972907716,169,,,,CS,MS,,,
2026-03-18T00:00:52.871Z,market,trade,TESTE,100407.8458548809,164,,,,CITI,UBS,,,
2026-03-18T00:00:53.035Z,market,trade,TESTE,100395.68381625516,109,,,,UBS,CS,,,
2026-03-18T00:00:53.187Z,market,trade,TESTE,100391.23814900355,180,,,,CITI,BARCL,,,
2026-03-18T00:00:53.339Z,market,trade,TESTE,100397.57585078965,111,,,,XP,ITAU,,,
2026-03-18T00:00:53.491Z,market,trade,TESTE,100401.09759106966,73,,,,ITAU,BARCL,,,
2026-03-18T00:00:53.651Z,market,trade,TESTE,100401.2324676969,104,,,,MS,XP,,,
2026-03-18T00:00:53.804Z,market,trade,TESTE,100396.6708078945,40,,,,JPM,BARCL,,,
2026-03-18T00:00:53.963Z,market,trade,TESTE,100400.15734483159,104,,,,XP,BTG,,,
2026-03-18T00:00:54.133Z,market,trade,TESTE,100394.59974892042,114,,,,XP,ITAU,,,
2026-03-18T00:00:54.295Z,market,trade,TESTE,100405.95134431374,22,,,,ITAU,BTG,,,
2026-03-18T00:00:54.451Z,market,trade,TESTE,100393.98535924127,119,,,,MS,UBS,,,
2026-03-18T00:00:54.605Z,market,trade,TESTE,100407.10674829819,126,,,,JPM,BTG,,,
2026-03-18T00:00:54.762Z,market,trade,TESTE,100403.8759347119,48,,,,BTG,BTG,,,
2026-03-18T00:00:54.913Z,market,trade,TESTE,100390.62596074613,160,,,,CS,XP,,,
2026-03-18T00:00:55.070Z,market,trade,TESTE,100404.26047655239,106,,,,MS,CITI,,,
2026-03-18T00:00:55.225Z,market,trade,TESTE,100405.64360935178,160,,,,UBS,UBS,,,
2026-03-18T00:00:55.383Z,market,trade,TESTE,100396.64901731611,59,,,,CITI,BARCL,,,
2026-03-18T00:00:55.537Z,market,trade,TESTE,100400.4585027515,102,,,,BTG,JPM,,,
2026-03-18T00:00:55.694Z,market,trade,TESTE,100411.89360342623,13,,,,GOLDM,UBS,,,
2026-03-18T00:00:55.847Z,market,trade,TESTE,100404.26786129201,106,,,,BTG,BARCL,,,
2026-03-18T00:00:55.999Z,market,trade,TESTE,100417.36048527894,14,,,,BARCL,CS,,,
2026-03-18T00:00:56.155Z,market,trade,TESTE,100409.49989141159,102,,,,CS,UBS,,,
2026-03-18T00:00:56.306Z,market,trade,TESTE,100419.87579247245,198,,,,BARCL,CS,,,
2026-03-18T00:00:56.465Z,market,trade,TESTE,100408.4330490879,11,,,,XP,MS,,,
2026-03-18T00:00:56.623Z,market,trade,TESTE,100422.03242142066,173,,,,JPM,CS,,,
2026-03-18T00:00:56.776Z,market,trade,TESTE,100410.68335548656,82,,,,JPM,GOLDM,,,
2026-03-18T00:00:56.929Z,market,trade,TESTE,100424.27988993432,62,,,,CITI,MS,,,
2026-03-18T00:00:57.091Z,market,trade,TESTE,100429.03374754384,122,,,,GOLDM,CS,,,
2026-03-18T00:00:57.256Z,market,trade,TESTE,100421.266798001,91,,,,JPM,BARCL,,,
2026-03-18T00:00:57.414Z,market,trade,TESTE,100428.03857414353,85,,,,GOLDM,BARCL,,,
2026-03-18T00:00:57.579Z,market,trade,TESTE,100423.42533603679,59,,,,UBS,GOLDM,,,
2026-03-18T00:00:57.735Z,market,trade,TESTE,100413.38728476725,76,,,,JPM,BARCL,,,
2026-03-18T00:00:57.895Z,market,trade,TESTE,100427.83616726563,187,,,,GOLDM,JPM,,,
2026-03-18T00:00:58.050Z,market,trade,TESTE,100416.73355161067,29,,,,JPM,ITAU,,,
2026-03-18T00:00:58.203Z,market,trade,TESTE,100422.46929343315,163,,,,ITAU,JPM,,,
2026-03-18T00:00:58.355Z,market,trade,TESTE,100408.0565480975,186,,,,BARCL,JPM,,,
2026-03-18T00:00:58.509Z,market,trade,TESTE,100416.25214455846,52,,,,JPM,UBS,,,
2026-03-18T00:00:58.664Z,market,trade,TESTE,100411.32797360019,154,,,,UBS,BTG,,,
2026-03-18T00:00:58.815Z,market,trade,TESTE,100403.70667104647,19,,,,ITAU,UBS,,,
2026-03-18T00:00:58.972Z,market,trade,TESTE,100407.52225380106,183,,,,BARCL,MS,,,
2026-03-18T00:00:59.135Z,market,trade,TESTE,100403.05857639182,175,,,,CS,BARCL,,,
2026-03-18T00:00:59.295Z,market,trade,TESTE,100403.55601946168,192,,,,JPM,XP,,,
2026-03-18T00:00:59.451Z,market,trade,TESTE,100404.32557555847,109,,,,MS,MS,,,
2026-03-18T00:00:59.604Z,market,trade,TESTE,100409.30032826334,16,,,,CITI,BTG,,,
2026-03-18T00:00:59.755Z,market,trade,TESTE,100423.80472377315,82,,,,CS,BARCL,,,
2026-03-18T00:00:59.907Z,market,trade,TESTE,100425.12028006742,48,,,,CS,BARCL,,,
2026-03-18T00:01:00.063Z,market,trade,TESTE,100424.85556203793,38,,,,BARCL,JPM,,,
2026-03-18T00:01:00.215Z,market,trade,TESTE,100418.19610750019,14,,,,BARCL,MS,,,
2026-03-18T00:01:00.381Z,market,trade,TESTE,100426.29665439957,160,,,,CITI,GOLDM,,,
2026-03-18T00:01:00.535Z,market,trade,TESTE,100413.84107688381,100,,,,MS,BTG,,,
2026-03-18T00:01:00.691Z,market,trade,TESTE,100416.4904921635,123,,,,BARCL,ITAU,,,
2026-03-18T00:01:00.843Z,market,trade,TESTE,100423.76703006086,130,,,,GOLDM,CS,,,
2026-03-18T00:01:00.996Z,market,trade,TESTE,100423.60780470454,154,,,,XP,BARCL,,,
2026-03-18T00:01:01.155Z,market,trade,TESTE,100428.45209207089,128,,,,BARCL,BARCL,,,
2026-03-18T00:01:01.311Z,market,trade,TESTE,100427.57892131373,130,,,,UBS,MS,,,
2026-03-18T00:01:01.463Z,market,trade,TESTE,100419.75896649765,20,,,,ITAU,CITI,,,
2026-03-18T00:01:01.616Z,market,trade,TESTE,100416.62399857554,45,,,,GOLDM,BTG,,,
2026-03-18T00:01:01.774Z,market,trade,TESTE,100429.93576097464,153,,,,BARCL,ITAU,,,
2026-03-18T00:01:01.938Z,market,trade,TESTE,100422.11016292122,198,,,,CITI,JPM,,,
2026-03-18T00:01:02.095Z,market,trade,TESTE,100435.36488219585,91,,,,XP,UBS,,,
2026-03-18T00:01:02.251Z,market,trade,TESTE,100434.014546749,26,,,,MS,MS,,,
2026-03-18T00:01:02.415Z,market,trade,TESTE,100425.29137956543,32,,,,UBS,BARCL,,,
2026-03-18T00:01:02.566Z,market,trade,TESTE,100431.79520218109,157,,,,CS,ITAU,,,
2026-03-18T00:01:02.731Z,market,trade,TESTE,100425.90239582027,150,,,,MS,GOLDM,,,
2026-03-18T00:01:02.884Z,market,trade,TESTE,100434.37167651963,119,,,,CS,UBS,,,
2026-03-18T00:01:03.035Z,market,trade,TESTE,100425.08857872816,158,,,,MS,UBS,,,
2026-03-18T00:01:03.187Z,market,trade,TESTE,100423.84298006947,92,,,,ITAU,ITAU,,,
2026-03-18T00:01:03.354Z,market,trade,TESTE,100436.92728437588,13,,,,CS,CS,,,
2026-03-18T00:01:03.514Z,market,trade,TESTE,100436.61660373898,114,,,,CS,BTG,,,
2026-03-18T00:01:03.670Z,market,trade,TESTE,100425.88042972914,18,,,,CITI,GOLDM,,,
2026-03-18T00:01:03.827Z,market,trade,TESTE,100433.64045808815,23,,,,CITI,GOLDM,,,
2026-03-18T00:01:03.979Z,market,trade,TESTE,100430.85516904715,119,,,,MS,BARCL,,,
2026-03-18T00:01:04.135Z,market,trade,TESTE,100424.10595765519,148,,,,CITI,CITI,,,
2026-03-18T00:01:04.290Z,market,trade,TESTE,100430.12858878147,175,,,,CITI,BTG,,,
2026-03-18T00:01:04.450Z,market,trade,TESTE,100434.45544222067,121,,,,UBS,BTG,,,
2026-03-18T00:01:04.604Z,market,trade,TESTE,100429.3295745619,147,,,,GOLDM,UBS,,,
2026-03-18T00:01:04.757Z,market,trade,TESTE,100434.5974488576,196,,,,ITAU,JPM,,,
2026-03-18T00:01:04.915Z,market,trade,TESTE,100426.59606539807,186,,,,XP,BTG,,,
2026-03-18T00:01:05.075Z,market,trade,TESTE,100440.7749161287,111,,,,UBS,JPM,,,
2026-03-18T00:01:05.235Z,market,trade,TESTE,100441.61162499187,117,,,,BARCL,BARCL,,,
2026-03-18T00:01:05.393Z,market,trade,TESTE,100437.53543184759,115,,,,UBS,BARCL,,,
2026-03-18T00:01:05.547Z,market,trade,TESTE,100425.53188882898,124,,,,BARCL,MS,,,
2026-03-18T00:01:05.710Z,market,trade,TESTE,100428.44882065074,106,,,,UBS,XP,,,
2026-03-18T00:01:05.871Z,market,trade,TESTE,100427.49834574526,61,,,,XP,GOLDM,,,
2026-03-18T00:01:06.034Z,market,trade,TESTE,100427.76701745689,124,,,,CITI,UBS,,,
2026-03-18T00:01:06.193Z,market,trade,TESTE,100438.95105526611,6,,,,JPM,GOLDM,,,
2026-03-18T00:01:06.346Z,market,trade,TESTE,100441.15240368184,167,,,,BTG,JPM,,,
2026-03-18T00:01:06.503Z,market,trade,TESTE,100437.00566139897,117,,,,ITAU,UBS,,,
2026-03-18T00:01:06.656Z,market,trade,TESTE,100431.5927742907,82,,,,UBS,GOLDM,,,
2026-03-18T00:01:06.815Z,market,trade,TESTE,100438.43159152044,65,,,,BARCL,CS,,,
2026-03-18T00:01:06.970Z,market,trade,TESTE,100441.1059614468,163,,,,XP,ITAU,,,
2026-03-18T00:01:07.123Z,market,trade,TESTE,100430.56213925344,79,,,,UBS,CITI,,,
2026-03-18T00:01:07.275Z,market,trade,TESTE,100434.27785188956,194,,,,GOLDM,MS,,,
2026-03-18T00:01:07.435Z,market,trade,TESTE,100433.5652961722,152,,,,BTG,JPM,,,
2026-03-18T00:01:07.589Z,market,trade,TESTE,100436.67241356317,11,,,,JPM,CITI,,,
2026-03-18T00:01:07.751Z,market,trade,TESTE,100449.14977237314,139,,,,CITI,MS,,,
2026-03-18T00:01:07.907Z,market,trade,TESTE,100445.34972833106,141,,,,XP,UBS,,,
2026-03-18T00:01:08.064Z,market,trade,TESTE,100441.75235510126,9,,,,JPM,CS,,,
2026-03-18T00:01:08.216Z,market,trade,TESTE,100435.97767729401,109,,,,MS,UBS,,,
2026-03-18T00:01:08.367Z,market,trade,TESTE,100448.14270265111,166,,,,MS,GOLDM,,,
2026-03-18T00:01:08.531Z,market,trade,TESTE,100434.85749836481,195,,,,GOLDM,MS,,,
2026-03-18T00:01:08.686Z,market,trade,TESTE,100445.96610929638,49,,,,CS,GOLDM,,,
2026-03-18T00:01:08.842Z,market,trade,TESTE,100444.78252995895,135,,,,JPM,MS,,,
2026-03-18T00:01:08.996Z,market,trade,TESTE,100434.23089214745,101,,,,UBS,JPM,,,
2026-03-18T00:01:09.155Z,market,trade,TESTE,100438.98318982233,103,,,,GOLDM,GOLDM,,,
2026-03-18T00:01:09.315Z,market,trade,TESTE,100436.10045378601,11,,,,UBS,ITAU,,,
2026-03-18T00:01:09.471Z,market,trade,TESTE,100435.57287658581,40,,,,ITAU,GOLDM,,,
2026-03-18T00:01:09.622Z,market,trade,TESTE,100435.26407339418,15,,,,MS,MS,,,
2026-03-18T00:01:09.780Z,market,trade,TESTE,100435.67450378557,58,,,,UBS,CITI,,,
2026-03-18T00:01:09.934Z,market,trade,TESTE,100443.52360848823,142,,,,GOLDM,JPM,,,
2026-03-18T00:01:10.090Z,market,trade,TESTE,100443.34343896591,20,,,,BTG,XP,,,
2026-03-18T00:01:10.251Z,market,trade,TESTE,100435.33455794172,159,,,,ITAU,MS,,,
2026-03-18T00:01:10.404Z,market,trade,TESTE,100447.77139349518,91,,,,UBS,GOLDM,,,
2026-03-18T00:01:10.554Z,market,trade,TESTE,100441.46033698144,60,,,,MS,GOLDM,,,
2026-03-18T00:01:10.714Z,market,trade,TESTE,100438.12633893163,49,,,,CITI,UBS,,,
2026-03-18T00:01:10.875Z,market,trade,TESTE,100451.32960338137,89,,,,UBS,CITI,,,
2026-03-18T00:01:11.034Z,market,trade,TESTE,100455.83369109084,14,,,,GOLDM,BARCL,,,
2026-03-18T00:01:11.187Z,market,trade,TESTE,100448.90287495944,144,,,,UBS,JPM,,,
2026-03-18T00:01:11.343Z,market,trade,TESTE,100453.51119519817,115,,,,ITAU,MS,,,
2026-03-18T00:01:11.506Z,market,trade,TESTE,100464.90671918244,36,,,,MS,CS,,,
2026-03-18T00:01:11.666Z,market,trade,TESTE,100454.40004527883,178,,,,BARCL,CS,,,
2026-03-18T00:01:11.821Z,market,trade,TESTE,100462.64022665158,118,,,,BTG,BTG,,,
2026-03-18T00:01:11.976Z,market,trade,TESTE,100459.89404962637,86,,,,CS,UBS,,,
2026-03-18T00:01:12.135Z,market,trade,TESTE,100448.04752604594,105,,,,CS,GOLDM,,,
2026-03-18T00:01:12.291Z,market,trade,TESTE,100460.67966141393,183,,,,ITAU,UBS,,,
2026-03-18T00:01:12.450Z,market,trade,TESTE,100452.71633548355,133,,,,JPM,BARCL,,,
2026-03-18T00:01:12.604Z,market,trade,TESTE,100454.13667213639,60,,,,UBS,UBS,,,
2026-03-18T00:01:12.763Z,market,trade,TESTE,100463.8832741288,27,,,,CITI,GOLDM,,,
2026-03-18T00:01:12.914Z,market,trade,TESTE,100454.84664132362,169,,,,BARCL,BTG,,,
2026-03-18T00:01:13.075Z,market,trade,TESTE,100463.63791700813,101,,,,CS,ITAU,,,
2026-03-18T00:01:13.235Z,market,trade,TESTE,100457.72567816437,8,,,,GOLDM,UBS,,,
2026-03-18T00:01:13.388Z,market,trade,TESTE,100466.06605460992,14,,,,BTG,ITAU,,,
2026-03-18T00:01:13.551Z,market,trade,TESTE,100454.31709253548,52,,,,UBS,ITAU,,,
2026-03-18T00:01:13.711Z,market,trade,TESTE,100467.60941968043,180,,,,BTG,CITI,,,
2026-03-18T00:01:13.863Z,market,trade,TESTE,100463.20215411545,34,,,,CS,UBS,,,
2026-03-18T00:01:14.016Z,market,trade,TESTE,100454.58641823544,49,,,,CS,CITI,,,
2026-03-18T00:01:14.171Z,market,trade,TESTE,100452.99728405109,144,,,,CS,ITAU,,,
2026-03-18T00:01:14.334Z,market,trade,TESTE,100458.79497300516,147,,,,BTG,MS,,,
2026-03-18T00:01:14.495Z,market,trade,TESTE,100451.06201394367,10,,,,CITI,CITI,,,
2026-03-18T00:01:14.650Z,market,trade,TESTE,100455.19565797682,104,,,,MS,ITAU,,,
2026-03-18T00:01:14.804Z,market,trade,TESTE,100465.14219085642,32,,,,ITAU,UBS,,,
2026-03-18T00:01:14.956Z,market,trade,TESTE,100453.11965633648,42,,,,ITAU,XP,,,
2026-03-18T00:01:15.115Z,market,trade,TESTE,100466.17397162573,117,,,,CS,UBS,,,
2026-03-18T00:01:15.270Z,market,trade,TESTE,100468.81498154569,51,,,,JPM,GOLDM,,,
2026-03-18T00:01:15.428Z,market,trade,TESTE,100468.68648476466,181,,,,BTG,JPM,,,
2026-03-18T00:01:15.584Z,market,trade,TESTE,100468.74904404642,78,,,,CITI,ITAU,,,
2026-03-18T00:01:15.735Z,market,trade,TESTE,100469.24156799844,61,,,,GOLDM,ITAU,,,
2026-03-18T00:01:15.895Z,market,trade,TESTE,100457.03723989506,151,,,,CS,ITAU,,,
2026-03-18T00:01:16.051Z,market,trade,TESTE,100454.75115655658,61,,,,BARCL,CITI,,,
2026-03-18T00:01:16.203Z,market,trade,TESTE,100464.51733153702,142,,,,BTG,BTG,,,
2026-03-18T00:01:16.360Z,market,trade,TESTE,100451.10479155267,141,,,,ITAU,BARCL,,,
2026-03-18T00:01:16.516Z,market,trade,TESTE,100455.43268175387,54,,,,JPM,JPM,,,
2026-03-18T00:01:16.671Z,market,trade,TESTE,100461.16624196531,36,,,,UBS,GOLDM,,,
2026-03-18T00:01:16.826Z,market,trade,TESTE,100447.36692858608,147,,,,XP,JPM,,,
2026-03-18T00:01:16.982Z,market,trade,TESTE,100460.88565728816,69,,,,JPM,CS,,,
2026-03-18T00:01:17.138Z,market,trade,TESTE,100460.69989956444,32,,,,JPM,CS,,,
2026-03-18T00:01:17.299Z,market,trade,TESTE,100460.15158165224,90,,,,UBS,BTG,,,
2026-03-18T00:01:17.452Z,market,trade,TESTE,100456.3818703844,87,,,,ITAU,UBS,,,
2026-03-18T00:01:17.608Z,market,trade,TESTE,100449.57421782443,44,,,,CITI,CS,,,
2026-03-18T00:01:17.764Z,market,trade,TESTE,100462.39814718974,103,,,,CS,XP,,,
2026-03-18T00:01:17.920Z,market,trade,TESTE,100459.52268197862,77,,,,MS,CS,,,
2026-03-18T00:01:18.078Z,market,trade,TESTE,100445.67634852207,73,,,,ITAU,MS,,,
2026-03-18T00:01:18.231Z,market,trade,TESTE,100444.01154859658,170,,,,MS,UBS,,,
2026-03-18T00:01:18.386Z,market,trade,TESTE,100452.81665195746,92,,,,ITAU,BARCL,,,
2026-03-18T00:01:18.540Z,market,trade,TESTE,100442.18440462921,125,,,,GOLDM,JPM,,,
2026-03-18T00:01:18.697Z,market,trade,TESTE,100442.30897373962,66,,,,XP,BARCL,,,
2026-03-18T00:01:18.856Z,market,trade,TESTE,100438.0688698348,75,,,,BTG,UBS,,,
2026-03-18T00:01:19.016Z,market,trade,TESTE,100452.75903177993,70,,,,UBS,BARCL,,,
2026-03-18T00:01:19.168Z,market,trade,TESTE,100454.22784408416,74,,,,GOLDM,CITI,,,
2026-03-18T00:01:19.329Z,market,trade,TESTE,100440.37282492884,143,,,,GOLDM,BTG,,,
2026-03-18T00:01:19.481Z,market,trade,TESTE,100445.10583666574,189,,,,JPM,XP,,,
2026-03-18T00:01:19.634Z,market,trade,TESTE,100459.91370380588,22,,,,GOLDM,JPM,,,
2026-03-18T00:01:19.787Z,market,trade,TESTE,100457.64560995325,82,,,,CITI,XP,,,
2026-03-18T00:01:19.942Z,market,trade,TESTE,100442.82245935927,103,,,,MS,ITAU,,,
2026-03-18T00:01:20.094Z,market,trade,TESTE,100453.88438202637,67,,,,ITAU,ITAU,,,
2026-03-18T00:01:20.255Z,market,trade,TESTE,100454.18505450616,195,,,,UBS,JPM,,,
2026-03-18T00:01:20.420Z,market,trade,TESTE,100456.34971027228,90,,,,ITAU,MS,,,
2026-03-18T00:01:20.577Z,market,trade,TESTE,100450.38247988009,195,,,,XP,JPM,,,
2026-03-18T00:01:20.734Z,market,trade,TESTE,100464.74841910908,164,,,,GOLDM,CS,,,
2026-03-18T00:01:20.891Z,market,trade,TESTE,100461.30302810018,112,,,,BTG,UBS,,,
2026-03-18T00:01:21.043Z,market,trade,TESTE,100454.91210191423,192,,,,GOLDM,CITI,,,
2026-03-18T00:01:21.207Z,market,trade,TESTE,100466.38488709522,173,,,,BARCL,XP,,,
2026-03-18T00:01:21.363Z,market,trade,TESTE,100455.52418896886,167,,,,GOLDM,BARCL,,,
2026-03-18T00:01:21.520Z,market,trade,TESTE,100451.21305683187,117,,,,BARCL,GOLDM,,,
2026-03-18T00:01:21.675Z,market,trade,TESTE,100466.01908828059,119,,,,JPM,BTG,,,
2026-03-18T00:01:21.831Z,market,trade,TESTE,100470.75385458596,130,,,,BTG,JPM,,,
2026-03-18T00:01:21.983Z,market,trade,TESTE,100463.61967542945,81,,,,ITAU,CS,,,
2026-03-18T00:01:22.146Z,market,trade,TESTE,100472.6918983843,56,,,,GOLDM,CS,,,
2026-03-18T00:01:22.303Z,market,trade,TESTE,100468.83181941569,45,,,,GOLDM,BTG,,,
2026-03-18T00:01:22.467Z,market,trade,TESTE,100461.69573665387,166,,,,BARCL,MS,,,
2026-03-18T00:01:22.619Z,market,trade,TESTE,100475.13293690061,11,,,,MS,CS,,,
2026-03-18T00:01:22.775Z,market,trade,TESTE,100478.0360363492,69,,,,JPM,CS,,,
2026-03-18T00:01:22.931Z,market,trade,TESTE,100479.69145961772,158,,,,JPM,CITI,,,
2026-03-18T00:01:23.085Z,market,trade,TESTE,100474.7895146511,159,,,,BTG,UBS,,,
2026-03-18T00:01:23.243Z,market,trade,TESTE,100478.2225285329,110,,,,XP,XP,,,
2026-03-18T00:01:23.403Z,market,trade,TESTE,100470.67161679026,44,,,,UBS,BARCL,,,
2026-03-18T00:01:23.567Z,market,trade,TESTE,100485.09582810359,179,,,,GOLDM,UBS,,,
2026-03-18T00:01:23.718Z,market,trade,TESTE,100479.1080584572,51,,,,XP,MS,,,
2026-03-18T00:01:23.874Z,market,trade,TESTE,100480.99353668108,66,,,,ITAU,JPM,,,
2026-03-18T00:01:24.035Z,market,trade,TESTE,100493.49054118969,20,,,,MS,CITI,,,
2026-03-18T00:01:24.188Z,market,trade,TESTE,100480.86265824611,134,,,,CS,CS,,,
2026-03-18T00:01:24.355Z,market,trade,TESTE,100487.70820574473,89,,,,UBS,BARCL,,,
2026-03-18T00:01:24.515Z,market,trade,TESTE,100479.21915524056,188,,,,CITI,GOLDM,,,
2026-03-18T00:01:24.674Z,market,trade,TESTE,100492.95937659852,102,,,,CS,CITI,,,
2026-03-18T00:01:24.836Z,market,trade,TESTE,100493.73801905462,7,,,,MS,CITI,,,
2026-03-18T00:01:24.987Z,market,trade,TESTE,100486.72578545312,137,,,,ITAU,MS,,,
2026-03-18T00:01:25.151Z,market,trade,TESTE,100498.71292962185,109,,,,BARCL,JPM,,,
2026-03-18T00:01:25.316Z,market,trade,TESTE,100486.91584147577,35,,,,BARCL,CS,,,
2026-03-18T00:01:25.466Z,market,trade,TESTE,100489.50057750285,159,,,,BTG,CS,,,
2026-03-18T00:01:25.621Z,market,trade,TESTE,100486.7742378933,14,,,,CITI,BARCL,,,
2026-03-18T00:01:25.777Z,market,trade,TESTE,100487.11011879263,173,,,,BTG,CITI,,,
2026-03-18T00:01:25.935Z,market,trade,TESTE,100493.91817459677,193,,,,ITAU,BARCL,,,
2026-03-18T00:01:26.095Z,market,trade,TESTE,100486.80781024898,23,,,,ITAU,MS,,,
2026-03-18T00:01:26.250Z,market,trade,TESTE,100501.43970749533,147,,,,BARCL,JPM,,,
2026-03-18T00:01:26.413Z,market,trade,TESTE,100494.69398555362,194,,,,JPM,JPM,,,
2026-03-18T00:01:26.568Z,market,trade,TESTE,100503.01485750463,155,,,,MS,BTG,,,
2026-03-18T00:01:26.735Z,market,trade,TESTE,100492.5204476968,183,,,,JPM,JPM,,,
2026-03-18T00:01:26.894Z,market,trade,TESTE,100490.83515040873,142,,,,MS,ITAU,,,
2026-03-18T00:01:27.055Z,market,trade,TESTE,100489.40022497898,149,,,,XP,CS,,,
2026-03-18T00:01:27.214Z,market,trade,TESTE,100485.66001483626,187,,,,XP,XP,,,
2026-03-18T00:01:27.365Z,market,trade,TESTE,100487.83245101418,7,,,,UBS,GOLDM,,,
2026-03-18T00:01:27.519Z,market,trade,TESTE,100500.39851438736,77,,,,MS,CITI,,,
2026-03-18T00:01:27.671Z,market,trade,TESTE,100490.71552809379,87,,,,CITI,CS,,,
2026-03-18T00:01:27.833Z,market,trade,TESTE,100502.12451057702,18,,,,CITI,BTG,,,
2026-03-18T00:01:27.986Z,market,trade,TESTE,100494.85482209189,57,,,,BTG,UBS,,,
2026-03-18T00:01:28.144Z,market,trade,TESTE,100495.09671679547,177,,,,JPM,GOLDM,,,
2026-03-18T00:01:28.294Z,market,trade,TESTE,100499.2011282913,180,,,,MS,ITAU,,,
2026-03-18T00:01:28.455Z,market,trade,TESTE,100510.29379025266,86,,,,MS,CITI,,,
2026-03-18T00:01:28.609Z,market,trade,TESTE,100510.53222695486,18,,,,ITAU,CS,,,
2026-03-18T00:01:28.769Z,market,trade,TESTE,100500.25437929676,193,,,,MS,UBS,,,
2026-03-18T00:01:28.926Z,market,trade,TESTE,100514.6547667005,172,,,,BTG,BTG,,,
2026-03-18T00:01:29.083Z,market,trade,TESTE,100517.53989774654,150,,,,CS,CS,,,
2026-03-18T00:01:29.246Z,market,trade,TESTE,100506.60595165275,68,,,,MS,BARCL,,,
2026-03-18T00:01:29.406Z,market,trade,TESTE,100510.32024852339,10,,,,CITI,BARCL,,,
2026-03-18T00:01:29.563Z,market,trade,TESTE,100522.61418883684,15,,,,BTG,JPM,,,
2026-03-18T00:01:29.714Z,market,trade,TESTE,100511.52421589775,115,,,,MS,BARCL,,,
2026-03-18T00:01:29.875Z,market,trade,TESTE,100513.62078083267,132,,,,ITAU,GOLDM,,,
2026-03-18T00:01:30.035Z,market,trade,TESTE,100509.2666262416,14,,,,CS,BARCL,,,
2026-03-18T00:01:30.197Z,market,trade,TESTE,100513.67202665424,77,,,,ITAU,CS,,,
2026-03-18T00:01:30.357Z,market,trade,TESTE,100514.63949757714,102,,,,MS,MS,,,
2026-03-18T00:01:30.507Z,market,trade,TESTE,100513.38902962394,149,,,,BTG,ITAU,,,
2026-03-18T00:01:30.670Z,market,trade,TESTE,100512.91381392973,165,,,,JPM,BTG,,,
2026-03-18T00:01:30.824Z,market,trade,TESTE,100510.01965764578,36,,,,CS,CS,,,
2026-03-18T00:01:30.981Z,market,trade,TESTE,100519.13437322514,14,,,,ITAU,XP,,,
2026-03-18T00:01:31.134Z,market,trade,TESTE,100522.9459940308,182,,,,JPM,BARCL,,,
2026-03-18T00:01:31.290Z,market,trade,TESTE,100514.81364215986,125,,,,XP,XP,,,
2026-03-18T00:01:31.455Z,market,trade,TESTE,100514.11392251468,88,,,,CS,CS,,,
2026-03-18T00:01:31.620Z,market,trade,TESTE,100515.94864311778,187,,,,ITAU,MS,,,
2026-03-18T00:01:31.780Z,market,trade,TESTE,100527.8793835392,161,,,,MS,ITAU,,,
2026-03-18T00:01:31.939Z,market,trade,TESTE,100524.14929807781,74,,,,GOLDM,JPM,,,
2026-03-18T00:01:32.091Z,market,trade,TESTE,100523.41843576694,80,,,,CITI,UBS,,,
2026-03-18T00:01:32.251Z,market,trade,TESTE,100509.84643435785,110,,,,BARCL,CS,,,
2026-03-18T00:01:32.406Z,market,trade,TESTE,100510.86993247062,25,,,,JPM,GOLDM,,,
2026-03-18T00:01:32.567Z,market,trade,TESTE,100524.78685936544,95,,,,MS,CS,,,
2026-03-18T00:01:32.730Z,market,trade,TESTE,100510.88182088874,135,,,,UBS,JPM,,,
2026-03-18T00:01:32.891Z,market,trade,TESTE,100511.91814577712,59,,,,ITAU,MS,,,
2026-03-18T00:01:33.051Z,market,trade,TESTE,100516.13417994964,98,,,,XP,CS,,,
2026-03-18T00:01:33.212Z,market,trade,TESTE,100521.13197210386,112,,,,JPM,BTG,,,
2026-03-18T00:01:33.371Z,market,trade,TESTE,100516.91100975763,137,,,,ITAU,XP,,,
2026-03-18T00:01:33.526Z,market,trade,TESTE,100530.95246544699,46,,,,CS,MS,,,
2026-03-18T00:01:33.691Z,market,trade,TESTE,100528.71134193905,182,,,,BARCL,JPM,,,
2026-03-18T00:01:33.847Z,market,trade,TESTE,100520.21042213737,74,,,,MS,MS,,,
2026-03-18T00:01:33.999Z,market,trade,TESTE,100533.58039342072,43,,,,CS,BARCL,,,
2026-03-18T00:01:34.151Z,market,trade,TESTE,100536.33797935497,38,,,,UBS,BARCL,,,
2026-03-18T00:01:34.306Z,market,trade,TESTE,100538.39363272708,158,,,,MS,MS,,,
2026-03-18T00:01:34.470Z,market,trade,TESTE,100534.55190083479,54,,,,BTG,CITI,,,
2026-03-18T00:01:34.630Z,market,trade,TESTE,100528.08406430624,15,,,,JPM,CITI,,,
2026-03-18T00:01:34.794Z,market,trade,TESTE,100533.77182410656,192,,,,JPM,CS,,,
2026-03-18T00:01:34.950Z,market,trade,TESTE,100531.98496679938,15,,,,CITI,MS,,,
2026-03-18T00:01:35.115Z,market,trade,TESTE,100524.96898836814,59,,,,CS,BTG,,,
2026-03-18T00:01:35.267Z,market,trade,TESTE,100539.48252128021,139,,,,BTG,BTG,,,
2026-03-18T00:01:35.428Z,market,trade,TESTE,100539.28330631727,94,,,,CITI,JPM,,,
2026-03-18T00:01:35.586Z,market,trade,TESTE,100528.86865473304,22,,,,GOLDM,BTG,,,
2026-03-18T00:01:35.750Z,market,trade,TESTE,100536.78429008066,112,,,,XP,MS,,,
2026-03-18T00:01:35.906Z,market,trade,TESTE,100531.12185313365,69,,,,CS,GOLDM,,,
2026-03-18T00:01:36.066Z,market,trade,TESTE,100538.9586352824,97,,,,BTG,XP,,,
2026-03-18T00:01:36.221Z,market,trade,TESTE,100530.82149180582,93,,,,BARCL,JPM,,,
2026-03-18T00:01:36.376Z,market,trade,TESTE,100525.97545140411,195,,,,BTG,XP,,,
2026-03-18T00:01:36.535Z,market,trade,TESTE,100537.87124685054,30,,,,UBS,MS,,,
2026-03-18T00:01:36.691Z,market,trade,TESTE,100537.20247204488,129,,,,CS,BARCL,,,
2026-03-18T00:01:36.843Z,market,trade,TESTE,100528.40544887424,196,,,,XP,CITI,,,
2026-03-18T00:01:36.995Z,market,trade,TESTE,100528.14129312441,38,,,,CS,ITAU,,,
2026-03-18T00:01:37.155Z,market,trade,TESTE,100540.98138837509,132,,,,XP,UBS,,,
2026-03-18T00:01:37.310Z,market,trade,TESTE,100544.28332186252,15,,,,CITI,BARCL,,,
2026-03-18T00:01:37.466Z,market,trade,TESTE,100542.53388572358,48,,,,MS,ITAU,,,
2026-03-18T00:01:37.628Z,market,trade,TESTE,100527.8729655895,157,,,,MS,MS,,,
2026-03-18T00:01:37.784Z,market,trade,TESTE,100532.84203986471,51,,,,CITI,BARCL,,,
2026-03-18T00:01:37.934Z,market,trade,TESTE,100538.32448286182,187,,,,GOLDM,CITI,,,
2026-03-18T00:01:38.086Z,market,trade,TESTE,100524.55793756405,70,,,,CITI,ITAU,,,
2026-03-18T00:01:38.246Z,market,trade,TESTE,100531.91002292579,116,,,,BTG,UBS,,,
2026-03-18T00:01:38.404Z,market,trade,TESTE,100533.64786489104,110,,,,MS,BTG,,,
2026-03-18T00:01:38.561Z,market,trade,TESTE,100524.4315572981,14,,,,BARCL,XP,,,
2026-03-18T00:01:38.716Z,market,trade,TESTE,100532.98332085909,175,,,,ITAU,UBS,,,
2026-03-18T00:01:38.874Z,market,trade,TESTE,100534.86358129031,104,,,,BARCL,BTG,,,
2026-03-18T00:01:39.032Z,market,trade,TESTE,100539.79137688,13,,,,BARCL,BARCL,,,
2026-03-18T00:01:39.183Z,market,trade,TESTE,100530.909725098,31,,,,JPM,UBS,,,
2026-03-18T00:01:39.335Z,market,trade,TESTE,100536.26510843495,119,,,,GOLDM,CS,,,
2026-03-18T00:01:39.490Z,market,trade,TESTE,100533.33022054817,176,,,,MS,CITI,,,
2026-03-18T00:01:39.651Z,market,trade,TESTE,100524.37452611185,5,,,,ITAU,ITAU,,,
2026-03-18T00:01:39.804Z,market,trade,TESTE,100521.66036485658,141,,,,CITI,UBS,,,
2026-03-18T00:01:39.956Z,market,trade,TESTE,100522.00733714606,190,,,,GOLDM,BTG,,,
2026-03-18T00:01:40.115Z,market,trade,TESTE,100532.96662996354,31,,,,MS,CS,,,
2026-03-18T00:01:40.274Z,market,trade,TESTE,100537.86204888142,122,,,,XP,MS,,,
2026-03-18T00:01:40.431Z,market,trade,TESTE,100528.65493785111,135,,,,UBS,BTG,,,
2026-03-18T00:01:40.589Z,market,trade,TESTE,100539.40493307183,139,,,,JPM,MS,,,
2026-03-18T00:01:40.754Z,market,trade,TESTE,100528.3139450529,53,,,,GOLDM,JPM,,,
2026-03-18T00:01:40.910Z,market,trade,TESTE,100541.62756670907,133,,,,MS,CS,,,
2026-03-18T00:01:41.063Z,market,trade,TESTE,100528.12881301396,50,,,,MS,ITAU,,,
2026-03-18T00:01:41.214Z,market,trade,TESTE,100533.64067449918,145,,,,CS,JPM,,,
2026-03-18T00:01:41.378Z,market,trade,TESTE,100531.04811437726,143,,,,CITI,CITI,,,
2026-03-18T00:01:41.531Z,market,trade,TESTE,100524.22512593302,94,,,,BTG,CS,,,
2026-03-18T00:01:41.685Z,market,trade,TESTE,100530.49396588503,43,,,,BARCL,ITAU,,,
2026-03-18T00:01:41.840Z,market,trade,TESTE,100524.03197449389,87,,,,ITAU,JPM,,,
2026-03-18T00:01:42.001Z,market,trade,TESTE,100536.6680146117,91,,,,CS,BARCL,,,
2026-03-18T00:01:42.156Z,market,trade,TESTE,100523.78650105458,9,,,,BTG,CITI,,,
2026-03-18T00:01:42.314Z,market,trade,TESTE,100533.96475795918,93,,,,BARCL,JPM,,,
2026-03-18T00:01:42.470Z,market,trade,TESTE,100534.2956751565,26,,,,ITAU,MS,,,
2026-03-18T00:01:42.632Z,market,trade,TESTE,100531.57628437196,194,,,,MS,CS,,,
2026-03-18T00:01:42.787Z,market,trade,TESTE,100531.1567919081,71,,,,CS,BTG,,,
2026-03-18T00:01:42.942Z,market,trade,TESTE,100535.04473470931,60,,,,UBS,XP,,,
2026-03-18T00:01:43.107Z,market,trade,TESTE,100529.87717166338,195,,,,GOLDM,ITAU,,,
2026-03-18T00:01:43.271Z,market,trade,TESTE,100542.90655603306,53,,,,BTG,BTG,,,
2026-03-18T00:01:43.430Z,market,trade,TESTE,100529.92110032578,18,,,,GOLDM,CITI,,,
2026-03-18T00:01:43.588Z,market,trade,TESTE,100531.75484681224,25,,,,ITAU,MS,,,
2026-03-18T00:01:43.742Z,market,trade,TESTE,100541.897164545,89,,,,MS,ITAU,,,
2026-03-18T00:01:43.895Z,market,trade,TESTE,100535.37034274629,14,,,,GOLDM,CS,,,
2026-03-18T00:01:44.054Z,market,trade,TESTE,100547.56531615106,36,,,,BTG,ITAU,,,
2026-03-18T00:01:44.212Z,market,trade,TESTE,100539.37998141136,53,,,,BARCL,UBS,,,
2026-03-18T00:01:44.366Z,market,trade,TESTE,100544.91928135678,25,,,,CS,CS,,,
2026-03-18T00:01:44.531Z,market,trade,TESTE,100540.99833293392,157,,,,CITI,CS,,,
2026-03-18T00:01:44.690Z,market,trade,TESTE,100542.4065761792,102,,,,UBS,GOLDM,,,
2026-03-18T00:01:44.850Z,market,trade,TESTE,100531.28444640795,8,,,,GOLDM,XP,,,
2026-03-18T00:01:45.007Z,market,trade,TESTE,100530.35821290498,22,,,,BTG,JPM,,,
2026-03-18T00:01:45.167Z,market,trade,TESTE,100537.15209266062,180,,,,XP,BTG,,,
2026-03-18T00:01:45.335Z,market,trade,TESTE,100529.92009162034,89,,,,BARCL,BARCL,,,
2026-03-18T00:01:45.490Z,market,trade,TESTE,100532.88461654384,100,,,,CITI,UBS,,,
2026-03-18T00:01:45.644Z,market,trade,TESTE,100529.97361378183,96,,,,CS,MS,,,
2026-03-18T00:01:45.806Z,market,trade,TESTE,100537.381356043,120,,,,UBS,MS,,,
2026-03-18T00:01:45.976Z,market,trade,TESTE,100526.97901752501,175,,,,ITAU,MS,,,
2026-03-18T00:01:46.130Z,market,trade,TESTE,100527.19508244259,134,,,,ITAU,ITAU,,,
2026-03-18T00:01:46.283Z,market,trade,TESTE,100542.1793169247,82,,,,BARCL,CS,,,
2026-03-18T00:01:46.443Z,market,trade,TESTE,100541.37795127823,62,,,,CITI,BARCL,,,
2026-03-18T00:01:46.603Z,market,trade,TESTE,100540.73132344741,186,,,,UBS,BARCL,,,
2026-03-18T00:01:46.766Z,market,trade,TESTE,100536.6756097257,131,,,,ITAU,UBS,,,
2026-03-18T00:01:46.924Z,market,trade,TESTE,100536.78918240272,58,,,,BTG,XP,,,
2026-03-18T00:01:47.076Z,market,trade,TESTE,100541.08049135788,95,,,,XP,CITI,,,
2026-03-18T00:01:47.231Z,market,trade,TESTE,100536.52672516981,45,,,,BARCL,GOLDM,,,
2026-03-18T00:01:47.387Z,market,trade,TESTE,100525.53507602085,58,,,,ITAU,CS,,,
2026-03-18T00:01:47.543Z,market,trade,TESTE,100522.647595466,39,,,,CS,BTG,,,
2026-03-18T00:01:47.694Z,market,trade,TESTE,100537.60741113497,30,,,,XP,CS,,,
2026-03-18T00:01:47.851Z,market,trade,TESTE,100534.86131002253,120,,,,JPM,MS,,,
2026-03-18T00:01:48.007Z,market,trade,TESTE,100527.03272046143,83,,,,GOLDM,BTG,,,
2026-03-18T00:01:48.166Z,market,trade,TESTE,100532.97910376739,107,,,,CITI,UBS,,,
2026-03-18T00:01:48.330Z,market,trade,TESTE,100520.32030304456,55,,,,BTG,CS,,,
2026-03-18T00:01:48.491Z,market,trade,TESTE,100516.89300826135,135,,,,UBS,XP,,,
2026-03-18T00:01:48.650Z,market,trade,TESTE,100515.88518327495,89,,,,UBS,CITI,,,
2026-03-18T00:01:48.805Z,market,trade,TESTE,100513.53055854815,178,,,,BTG,ITAU,,,
2026-03-18T00:01:48.960Z,market,trade,TESTE,100524.1937514857,24,,,,XP,UBS,,,
2026-03-18T00:01:49.114Z,market,trade,TESTE,100521.5324195892,155,,,,ITAU,UBS,,,
2026-03-18T00:01:49.276Z,market,trade,TESTE,100512.42664548286,132,,,,UBS,ITAU,,,
2026-03-18T00:01:49.429Z,market,trade,TESTE,100514.9143321444,16,,,,ITAU,UBS,,,
2026-03-18T00:01:49.584Z,market,trade,TESTE,100517.85848235046,34,,,,CITI,CS,,,
2026-03-18T00:01:49.743Z,market,trade,TESTE,100529.62593591816,114,,,,XP,CS,,,
2026-03-18T00:01:49.906Z,market,trade,TESTE,100528.30984892714,174,,,,JPM,BARCL,,,
2026-03-18T00:01:50.059Z,market,trade,TESTE,100528.21682445958,25,,,,UBS,BTG,,,
2026-03-18T00:01:50.216Z,market,trade,TESTE,100530.29277373535,119,,,,JPM,BTG,,,
2026-03-18T00:01:50.370Z,market,trade,TESTE,100522.71326352838,192,,,,CS,BTG,,,
2026-03-18T00:01:50.527Z,market,trade,TESTE,100525.50543910968,33,,,,MS,BARCL,,,
2026-03-18T00:01:50.684Z,market,trade,TESTE,100535.66920009961,19,,,,CITI,ITAU,,,
2026-03-18T00:01:50.839Z,market,trade,TESTE,100522.86787176359,121,,,,JPM,XP,,,
2026-03-18T00:01:50.988Z,market,trade,TESTE,100536.65937720455,11,,,,UBS,CS,,,
2026-03-18T00:01:51.150Z,market,trade,TESTE,100528.28329513414,191,,,,BTG,ITAU,,,
2026-03-18T00:01:51.306Z,market,trade,TESTE,100525.79223699498,166,,,,XP,XP,,,
2026-03-18T00:01:51.463Z,market,trade,TESTE,100531.88294223705,76,,,,JPM,BTG,,,
2026-03-18T00:01:51.628Z,market,trade,TESTE,100526.58020994868,194,,,,BARCL,UBS,,,
2026-03-18T00:01:51.783Z,market,trade,TESTE,100539.86447670952,198,,,,CITI,CS,,,
2026-03-18T00:01:51.946Z,market,trade,TESTE,100541.63001898614,195,,,,ITAU,GOLDM,,,
2026-03-18T00:01:52.111Z,market,trade,TESTE,100533.1814134727,155,,,,CITI,UBS,,,
2026-03-18T00:01:52.262Z,market,trade,TESTE,100545.37213550942,93,,,,BARCL,GOLDM,,,
2026-03-18T00:01:52.432Z,market,trade,TESTE,100541.76052799361,19,,,,BTG,CS,,,
2026-03-18T00:01:52.585Z,market,trade,TESTE,100534.45234773231,99,,,,CS,XP,,,
2026-03-18T00:01:52.743Z,market,trade,TESTE,100538.7316112148,51,,,,GOLDM,CS,,,
2026-03-18T00:01:52.894Z,market,trade,TESTE,100549.67781663766,136,,,,CS,BARCL,,,
2026-03-18T00:01:53.054Z,market,trade,TESTE,100548.46851171434,196,,,,BARCL,XP,,,
2026-03-18T00:01:53.214Z,market,trade,TESTE,100541.45898078005,61,,,,BTG,CS,,,
2026-03-18T00:01:53.366Z,market,trade,TESTE,100541.9044329245,47,,,,BARCL,GOLDM,,,
2026-03-18T00:01:53.521Z,market,trade,TESTE,100545.02471286726,10,,,,UBS,BARCL,,,
2026-03-18T00:01:53.674Z,market,trade,TESTE,100556.8645035438,166,,,,XP,BTG,,,
2026-03-18T00:01:53.833Z,market,trade,TESTE,100543.16957718988,178,,,,GOLDM,MS,,,
2026-03-18T00:01:53.984Z,market,trade,TESTE,100547.10423668618,24,,,,XP,BARCL,,,
2026-03-18T00:01:54.134Z,market,trade,TESTE,100556.03811355036,42,,,,CS,ITAU,,,
2026-03-18T00:01:54.290Z,market,trade,TESTE,100545.98184266553,128,,,,CITI,JPM,,,
2026-03-18T00:01:54.445Z,market,trade,TESTE,100547.77268323387,109,,,,MS,XP,,,
2026-03-18T00:01:54.596Z,market,trade,TESTE,100548.21568868711,62,,,,XP,BARCL,,,
2026-03-18T00:01:54.751Z,market,trade,TESTE,100557.25260140837,112,,,,JPM,GOLDM,,,
2026-03-18T00:01:54.902Z,market,trade,TESTE,100552.96957338268,129,,,,CS,GOLDM,,,
2026-03-18T00:01:55.054Z,market,trade,TESTE,100546.25648451468,173,,,,BARCL,JPM,,,
2026-03-18T00:01:55.218Z,market,trade,TESTE,100555.91787191306,119,,,,ITAU,BTG,,,
2026-03-18T00:01:55.382Z,market,trade,TESTE,100543.84221759156,24,,,,JPM,JPM,,,
2026-03-18T00:01:55.535Z,market,trade,TESTE,100540.54926462627,101,,,,BARCL,GOLDM,,,
2026-03-18T00:01:55.690Z,market,trade,TESTE,100551.93476658576,52,,,,CITI,CITI,,,
2026-03-18T00:01:55.844Z,market,trade,TESTE,100546.31833920642,155,,,,GOLDM,BTG,,,
2026-03-18T00:01:56.004Z,market,trade,TESTE,100556.07935591189,105,,,,MS,GOLDM,,,
2026-03-18T00:01:56.167Z,market,trade,TESTE,100556.74483702675,104,,,,BARCL,XP,,,
2026-03-18T00:01:56.319Z,market,trade,TESTE,100553.91722098419,24,,,,JPM,GOLDM,,,
2026-03-18T00:01:56.474Z,market,trade,TESTE,100542.84354548696,73,,,,JPM,CS,,,
2026-03-18T00:01:56.633Z,market,trade,TESTE,100547.82670995884,111,,,,CS,XP,,,
2026-03-18T00:01:56.791Z,market,trade,TESTE,100546.46038524047,33,,,,CS,CS,,,
2026-03-18T00:01:56.954Z,market,trade,TESTE,100549.9790948788,100,,,,CS,ITAU,,,
2026-03-18T00:01:57.114Z,market,trade,TESTE,100546.13975384165,164,,,,XP,CS,,,
2026-03-18T00:01:57.274Z,market,trade,TESTE,100555.66135238257,99,,,,ITAU,BTG,,,
2026-03-18T00:01:57.435Z,market,trade,TESTE,100541.21299315804,166,,,,JPM,CITI,,,
2026-03-18T00:01:57.588Z,market,trade,TESTE,100551.89915408373,129,,,,MS,XP,,,
2026-03-18T00:01:57.755Z,market,trade,TESTE,100550.84694861085,140,,,,ITAU,CS,,,
2026-03-18T00:01:57.915Z,market,trade,TESTE,100542.04532986325,68,,,,MS,ITAU,,,
2026-03-18T00:01:58.070Z,market,trade,TESTE,100545.70928898323,22,,,,BTG,BTG,,,
2026-03-18T00:01:58.235Z,market,trade,TESTE,100548.51707183148,69,,,,XP,MS,,,
2026-03-18T00:01:58.387Z,market,trade,TESTE,100555.0675459406,112,,,,BARCL,UBS,,,
2026-03-18T00:01:58.543Z,market,trade,TESTE,100555.92535552078,174,,,,CITI,BARCL,,,
2026-03-18T00:01:58.696Z,market,trade,TESTE,100546.94257091872,49,,,,JPM,MS,,,
2026-03-18T00:01:58.855Z,market,trade,TESTE,100546.7502135022,152,,,,BARCL,JPM,,,
2026-03-18T00:01:59.008Z,market,trade,TESTE,100548.5715573733,190,,,,CITI,JPM,,,
2026-03-18T00:01:59.171Z,market,trade,TESTE,100560.65994941561,5,,,,BARCL,JPM,,,
2026-03-18T00:01:59.329Z,market,trade,TESTE,100563.45614896023,14,,,,ITAU,BTG,,,
2026-03-18T00:01:59.494Z,market,trade,TESTE,100565.7984724016,86,,,,BARCL,GOLDM,,,
2026-03-18T00:01:59.651Z,market,trade,TESTE,100564.8424593285,179,,,,UBS,CS,,,
2026-03-18T00:01:59.807Z,market,trade,TESTE,100554.26637829698,166,,,,CS,ITAU,,,
2026-03-18T00:01:59.971Z,market,trade,TESTE,100556.36326757044,90,,,,MS,MS,,,
2026-03-18T00:02:00.123Z,market,flow_inversion,,,,,,,,,-69,47,GOLDM
2026-03-18T00:02:00.123Z,market,trade,TESTE,100553.62388841406,136,,,,BARCL,BTG,,,
2026-03-18T00:02:00.274Z,market,trade,TESTE,100557.24447989734,161,,,,GOLDM,XP,,,
2026-03-18T00:02:00.435Z,market,trade,TESTE,100552.41279376321,192,,,,ITAU,UBS,,,
2026-03-18T00:02:00.596Z,market,trade,TESTE,100566.98153645554,118,,,,GOLDM,CITI,,,
2026-03-18T00:02:00.755Z,market,trade,TESTE,100569.60270796999,159,,,,CITI,UBS,,,
2026-03-18T00:02:00.907Z,market,trade,TESTE,100566.56723546985,174,,,,JPM,CS,,,
2026-03-18T00:02:01.059Z,market,trade,TESTE,100567.26685627131,198,,,,CS,MS,,,
2026-03-18T00:02:01.212Z,market,trade,TESTE,100556.8842026939,7,,,,BARCL,CS,,,
2026-03-18T00:02:01.363Z,market,trade,TESTE,100554.69499639701,14,,,,XP,JPM,,,
2026-03-18T00:02:01.514Z,market,trade,TESTE,100563.92033974388,180,,,,CITI,JPM,,,
2026-03-18T00:02:01.675Z,market,trade,TESTE,100552.2796250145,184,,,,GOLDM,BTG,,,
2026-03-18T00:02:01.835Z,market,trade,TESTE,100551.19554704272,164,,,,XP,CITI,,,
2026-03-18T00:02:01.993Z,market,trade,TESTE,100546.58934768767,104,,,,JPM,GOLDM,,,
2026-03-18T00:02:02.144Z,market,trade,TESTE,100548.97619125758,186,,,,XP,ITAU,,,
2026-03-18T00:02:02.295Z,market,trade,TESTE,100544.39365649185,105,,,,BARCL,JPM,,,
2026-03-18T00:02:02.451Z,market,trade,TESTE,100547.18619329427,177,,,,BTG,CITI,,,
2026-03-18T00:02:02.606Z,market,trade,TESTE,100555.80173722081,101,,,,CITI,GOLDM,,,
2026-03-18T00:02:02.765Z,market,trade,TESTE,100547.75843138296,92,,,,BTG,BTG,,,
2026-03-18T00:02:02.915Z,market,flow_inversion,,,,,,,,,79,-19,GOLDM
2026-03-18T00:02:02.915Z,market,trade,TESTE,100561.80927873396,98,,,,XP,GOLDM,,,
2026-03-18T00:02:03.070Z,market,trade,TESTE,100561.49056677088,87,,,,ITAU,XP,,,
2026-03-18T00:02:03.235Z,market,flow_inversion,,,,,,,,,-19,129,GOLDM
2026-03-18T00:02:03.235Z,market,trade,TESTE,100563.17499841715,120,,,,UBS,UBS,,,
2026-03-18T00:02:03.388Z,market,trade,TESTE,100550.50074732363,97,,,,XP,XP,,,
2026-03-18T00:02:03.544Z,market,trade,TESTE,100558.8133878557,161,,,,BTG,BARCL,,,
2026-03-18T00:02:03.695Z,market,trade,TESTE,100559.71253426597,162,,,,ITAU,UBS,,,
2026-03-18T00:02:03.854Z,market,trade,TESTE,100558.13929680744,69,,,,GOLDM,CITI,,,
2026-03-18T00:02:04.015Z,market,trade,TESTE,100550.33217783281,128,,,,UBS,XP,,,
2026-03-18T00:02:04.171Z,market,trade,TESTE,100555.73798206162,173,,,,CS,BTG,,,
2026-03-18T00:02:04.332Z,market,trade,TESTE,100554.18723941146,68,,,,BARCL,GOLDM,,,
2026-03-18T00:02:04.484Z,market,trade,TESTE,100541.91550097754,175,,,,UBS,BARCL,,,
2026-03-18T00:02:04.641Z,market,trade,TESTE,100550.42566434272,56,,,,UBS,MS,,,
2026-03-18T00:02:04.802Z,market,trade,TESTE,100535.72672268098,85,,,,CITI,XP,,,
2026-03-18T00:02:04.955Z,market,trade,TESTE,100533.98278047757,49,,,,UBS,MS,,,
2026-03-18T00:02:05.111Z,market,trade,TESTE,100547.18133900805,85,,,,GOLDM,ITAU,,,
2026-03-18T00:02:05.271Z,market,trade,TESTE,100535.08800753369,147,,,,JPM,CS,,,
2026-03-18T00:02:05.433Z,market,trade,TESTE,100535.03099504049,135,,,,ITAU,MS,,,
2026-03-18T00:02:05.595Z,market,trade,TESTE,100542.63871918575,10,,,,BTG,UBS,,,
2026-03-18T00:02:05.751Z,market,trade,TESTE,100535.32753717642,132,,,,GOLDM,GOLDM,,,
2026-03-18T00:02:05.911Z,market,trade,TESTE,100549.41664066401,132,,,,BTG,CS,,,
2026-03-18T00:02:06.063Z,market,trade,TESTE,100548.27117110495,29,,,,XP,XP,,,
2026-03-18T00:02:06.225Z,market,flow_inversion,,,,,,,,,170,-11,GOLDM
2026-03-18T00:02:06.225Z,market,trade,TESTE,100537.64594792397,181,,,,JPM,GOLDM,,,
2026-03-18T00:02:06.381Z,market,trade,TESTE,100544.86519256525,168,,,,ITAU,BTG,,,
2026-03-18T00:02:06.534Z,market,trade,TESTE,100536.19813256527,25,,,,GOLDM,CITI,,,
2026-03-18T00:02:06.690Z,market,trade,TESTE,100542.5384187275,109,,,,JPM,GOLDM,,,
2026-03-18T00:02:06.843Z,market,trade,TESTE,100542.14161491308,33,,,,GOLDM,XP,,,
2026-03-18T00:02:07.000Z,market,trade,TESTE,100538.30371812652,62,,,,BTG,BARCL,,,
2026-03-18T00:02:07.154Z,market,trade,TESTE,100528.07648514136,134,,,,MS,BTG,,,
2026-03-18T00:02:07.306Z,market,trade,TESTE,100523.48173352955,72,,,,BARCL,BARCL,,,
2026-03-18T00:02:07.466Z,market,trade,TESTE,100531.79292510953,57,,,,XP,MS,,,
2026-03-18T00:02:07.635Z,market,trade,TESTE,100522.52023630218,18,,,,UBS,JPM,,,
2026-03-18T00:02:07.792Z,market,trade,TESTE,100517.92208394375,103,,,,UBS,GOLDM,,,
2026-03-18T00:02:07.951Z,market,trade,TESTE,100526.65709560983,142,,,,JPM,MS,,,
2026-03-18T00:02:08.103Z,market,trade,TESTE,100530.46011393884,139,,,,ITAU,CS,,,
2026-03-18T00:02:08.263Z,market,trade,TESTE,100533.62409895864,106,,,,GOLDM,XP,,,
2026-03-18T00:02:08.415Z,market,flow_inversion,,,,,,,,,-117,26,GOLDM
2026-03-18T00:02:08.415Z,market,trade,TESTE,100527.23989923384,138,,,,CITI,BTG,,,
2026-03-18T00:02:08.580Z,market,trade,TESTE,100527.61291326272,113,,,,UBS,JPM,,,
2026-03-18T00:02:08.735Z,market,trade,TESTE,100540.4359649677,5,,,,MS,ITAU,,,
2026-03-18T00:02:08.886Z,market,trade,TESTE,100536.88911839724,51,,,,BTG,JPM,,,
2026-03-18T00:02:09.050Z,market,trade,TESTE,100528.83107134266,155,,,,ITAU,CS,,,
2026-03-18T00:02:09.205Z,market,trade,TESTE,100524.22483823165,100,,,,UBS,JPM,,,
2026-03-18T00:02:09.363Z,market,trade,TESTE,100525.00454758252,147,,,,ITAU,CS,,,
2026-03-18T00:02:09.516Z,market,trade,TESTE,100526.22890183683,126,,,,BTG,UBS,,,
2026-03-18T00:02:09.667Z,market,trade,TESTE,100533.21020505717,65,,,,UBS,BTG,,,
2026-03-18T00:02:09.822Z,market,trade,TESTE,100533.85771145935,60,,,,GOLDM,CS,,,
2026-03-18T00:02:09.976Z,market,trade,TESTE,100537.28784387483,52,,,,CITI,CITI,,,
2026-03-18T00:02:10.136Z,market,trade,TESTE,100524.06145459114,120,,,,GOLDM,CS,,,
2026-03-18T00:02:10.294Z,market,trade,TESTE,100519.15867711231,57,,,,XP,XP,,,
2026-03-18T00:02:10.454Z,market,trade,TESTE,100527.35179679883,103,,,,MS,JPM,,,
2026-03-18T00:02:10.613Z,market,trade,TESTE,100514.72599894264,63,,,,BTG,UBS,,,
2026-03-18T00:02:10.771Z,market,trade,TESTE,100516.56488692935,101,,,,CS,MS,,,
2026-03-18T00:02:10.924Z,market,trade,TESTE,100529.53304014842,115,,,,GOLDM,CS,,,
2026-03-18T00:02:11.076Z,market,trade,TESTE,100525.52719657418,118,,,,GOLDM,UBS,,,
2026-03-18T00:02:11.235Z,market,trade,TESTE,100514.416773998,81,,,,XP,BARCL,,,
2026-03-18T00:02:11.394Z,market,trade,TESTE,100509.45682891026,83,,,,UBS,BTG,,,
2026-03-18T00:02:11.550Z,market,trade,TESTE,100522.17327616281,183,,,,BARCL,CS,,,
2026-03-18T00:02:11.703Z,market,trade,TESTE,100514.5095400331,154,,,,UBS,BARCL,,,
2026-03-18T00:02:11.867Z,market,trade,TESTE,100523.61990850534,19,,,,JPM,CS,,,
2026-03-18T00:02:12.021Z,market,trade,TESTE,100518.19268022371,132,,,,BARCL,XP,,,
2026-03-18T00:02:12.176Z,market,trade,TESTE,100522.11749736982,177,,,,GOLDM,GOLDM,,,
2026-03-18T00:02:12.334Z,market,trade,TESTE,100520.15118526334,70,,,,XP,MS,,,
2026-03-18T00:02:12.490Z,market,trade,TESTE,100525.45309803588,19,,,,GOLDM,BARCL,,,
2026-03-18T00:02:12.651Z,market,trade,TESTE,100530.04103523833,56,,,,JPM,CS,,,
2026-03-18T00:02:12.803Z,market,trade,TESTE,100533.03683878234,118,,,,UBS,XP,,,
2026-03-18T00:02:12.956Z,market,trade,TESTE,100530.10644957714,88,,,,BARCL,XP,,,
2026-03-18T00:02:13.111Z,market,trade,TESTE,100522.30649186147,60,,,,MS,ITAU,,,
2026-03-18T00:02:13.271Z,market,trade,TESTE,100519.47914903566,130,,,,UBS,ITAU,,,
2026-03-18T00:02:13.422Z,market,trade,TESTE,100527.53179649448,9,,,,CS,CITI,,,
2026-03-18T00:02:13.574Z,market,trade,TESTE,100520.27691523673,10,,,,XP,UBS,,,
2026-03-18T00:02:13.735Z,market,trade,TESTE,100522.71819958973,172,,,,GOLDM,XP,,,
2026-03-18T00:02:13.890Z,market,trade,TESTE,100521.49487676013,180,,,,CS,BTG,,,
2026-03-18T00:02:14.044Z,market,trade,TESTE,100531.86065276916,160,,,,GOLDM,GOLDM,,,
2026-03-18T00:02:14.203Z,market,trade,TESTE,100522.0315329481,54,,,,BARCL,UBS,,,
2026-03-18T00:02:14.364Z,market,flow_inversion,,,,,,,,,38,-43,GOLDM
2026-03-18T00:02:14.364Z,market,trade,TESTE,100536.3203320607,81,,,,BTG,GOLDM,,,
2026-03-18T00:02:14.515Z,market,trade,TESTE,100534.4228613696,142,,,,CITI,GOLDM,,,
2026-03-18T00:02:14.675Z,market,trade,TESTE,100529.78081937136,69,,,,MS,ITAU,,,
2026-03-18T00:02:14.831Z,market,trade,TESTE,100527.00404062636,28,,,,ITAU,CS,,,
2026-03-18T00:02:14.988Z,market,trade,TESTE,100513.86787939606,150,,,,UBS,BARCL,,,
2026-03-18T00:02:15.150Z,market,trade,TESTE,100518.10538347461,56,,,,UBS,UBS,,,
2026-03-18T00:02:15.306Z,market,trade,TESTE,100531.61118279188,45,,,,GOLDM,CS,,,
2026-03-18T00:02:15.467Z,market,trade,TESTE,100520.32087007497,113,,,,CS,GOLDM,,,
2026-03-18T00:02:15.629Z,market,trade,TESTE,100520.55520186761,64,,,,BTG,MS,,,
2026-03-18T00:02:15.793Z,market,trade,TESTE,100522.12257075311,101,,,,JPM,BARCL,,,
2026-03-18T00:02:15.946Z,market,trade,TESTE,100535.72509534388,174,,,,XP,GOLDM,,,
2026-03-18T00:02:16.107Z,market,trade,TESTE,100522.69800280323,120,,,,GOLDM,JPM,,,
2026-03-18T00:02:16.266Z,market,trade,TESTE,100535.00368133848,64,,,,CS,BTG,,,
2026-03-18T00:02:16.430Z,market,trade,TESTE,100529.47775125578,49,,,,BARCL,MS,,,
2026-03-18T00:02:16.584Z,market,trade,TESTE,100524.85236787821,139,,,,XP,CS,,,
2026-03-18T00:02:16.746Z,market,trade,TESTE,100527.61700142326,133,,,,XP,MS,,,
2026-03-18T00:02:16.906Z,market,trade,TESTE,100541.80800800731,200,,,,BARCL,JPM,,,
2026-03-18T00:02:17.066Z,market,trade,TESTE,100542.63302522973,99,,,,BARCL,GOLDM,,,
2026-03-18T00:02:17.222Z,market,trade,TESTE,100544.98722403083,93,,,,CS,JPM,,,
2026-03-18T00:02:17.377Z,market,trade,TESTE,100536.97265802037,46,,,,BTG,CITI,,,
2026-03-18T00:02:17.536Z,market,trade,TESTE,100549.72715086734,97,,,,BARCL,BTG,,,
2026-03-18T00:02:17.695Z,market,trade,TESTE,100546.10889051434,50,,,,JPM,CITI,,,
2026-03-18T00:02:17.854Z,market,trade,TESTE,100541.54527457613,148,,,,CS,UBS,,,
2026-03-18T00:02:18.010Z,market,trade,TESTE,100540.4472213026,68,,,,MS,CS,,,
2026-03-18T00:02:18.166Z,market,trade,TESTE,100525.59897641826,85,,,,XP,ITAU,,,
2026-03-18T00:02:18.326Z,market,trade,TESTE,100527.3712224599,139,,,,BTG,MS,,,
2026-03-18T00:02:18.490Z,market,trade,TESTE,100534.20128043371,97,,,,BARCL,MS,,,
2026-03-18T00:02:18.644Z,market,trade,TESTE,100523.65657973733,75,,,,BARCL,UBS,,,
2026-03-18T00:02:18.798Z,market,trade,TESTE,100536.22034196112,190,,,,GOLDM,BARCL,,,
2026-03-18T00:02:18.956Z,market,trade,TESTE,100528.8476868549,167,,,,ITAU,JPM,,,
2026-03-18T00:02:19.114Z,market,trade,TESTE,100543.4714977975,137,,,,JPM,CITI,,,
2026-03-18T00:02:19.275Z,market,trade,TESTE,100530.44076578972,140,,,,CITI,UBS,,,
2026-03-18T00:02:19.433Z,market,trade,TESTE,100544.69990843255,135,,,,MS,BTG,,,
2026-03-18T00:02:19.587Z,market,trade,TESTE,100541.68600402048,172,,,,GOLDM,MS,,,
2026-03-18T00:02:19.750Z,market,trade,TESTE,100544.43070820502,152,,,,MS,JPM,,,
2026-03-18T00:02:19.903Z,market,trade,TESTE,100544.78115968304,72,,,,CITI,CITI,,,
2026-03-18T00:02:20.060Z,market,trade,TESTE,100544.7024115915,95,,,,UBS,ITAU,,,
2026-03-18T00:02:20.217Z,market,trade,TESTE,100530.37644453338,111,,,,MS,ITAU,,,
2026-03-18T00:02:20.379Z,market,trade,TESTE,100542.5775346445,12,,,,GOLDM,ITAU,,,
2026-03-18T00:02:20.531Z,market,trade,TESTE,100531.38485184917,22,,,,BTG,CS,,,
2026-03-18T00:02:20.691Z,market,trade,TESTE,100538.9215919583,12,,,,CS,ITAU,,,
2026-03-18T00:02:20.850Z,market,trade,TESTE,100538.77243322581,5,,,,CS,XP,,,
2026-03-18T00:02:21.003Z,market,trade,TESTE,100528.94202083437,57,,,,MS,MS,,,
2026-03-18T00:02:21.155Z,market,trade,TESTE,100532.20358834036,52,,,,BTG,GOLDM,,,
2026-03-18T00:02:21.306Z,market,trade,TESTE,100539.09018806602,99,,,,BARCL,GOLDM,,,
2026-03-18T00:02:21.465Z,market,trade,TESTE,100535.8611904461,29,,,,UBS,GOLDM,,,
2026-03-18T00:02:21.628Z,market,trade,TESTE,100538.8336514711,157,,,,ITAU,JPM,,,
2026-03-18T00:02:21.787Z,market,trade,TESTE,100537.32617916106,98,,,,UBS,CITI,,,
2026-03-18T00:02:21.950Z,market,trade,TESTE,100525.40019143025,134,,,,BARCL,CS,,,
2026-03-18T00:02:22.111Z,market,trade,TESTE,100520.88213332983,5,,,,CITI,XP,,,
2026-03-18T00:02:22.264Z,market,trade,TESTE,100517.82975946124,51,,,,GOLDM,CITI,,,
2026-03-18T00:02:22.420Z,market,trade,TESTE,100514.69778804455,15,,,,BARCL,BARCL,,,
2026-03-18T00:02:22.579Z,market,trade,TESTE,100512.90235100819,111,,,,BARCL,CITI,,,
2026-03-18T00:02:22.734Z,market,trade,TESTE,100519.30956668202,178,,,,JPM,CS,,,
2026-03-18T00:02:22.895Z,market,trade,TESTE,100517.42585142922,180,,,,GOLDM,CS,,,
2026-03-18T00:02:23.054Z,market,trade,TESTE,100510.19738955582,16,,,,UBS,BARCL,,,
2026-03-18T00:02:23.217Z,market,trade,TESTE,100507.94839588933,119,,,,BARCL,BARCL,,,
2026-03-18T00:02:23.375Z,market,trade,TESTE,100505.0020577851,174,,,,ITAU,ITAU,,,
2026-03-18T00:02:23.534Z,market,trade,TESTE,100517.12190192181,32,,,,BTG,UBS,,,
2026-03-18T00:02:23.695Z,market,trade,TESTE,100505.86884493427,184,,,,BARCL,JPM,,,
2026-03-18T00:02:23.849Z,market,trade,TESTE,100517.07714522636,139,,,,ITAU,CITI,,,
2026-03-18T00:02:24.004Z,market,trade,TESTE,100504.1497064551,166,,,,UBS,UBS,,,
2026-03-18T00:02:24.165Z,market,trade,TESTE,100509.49782083601,116,,,,BARCL,MS,,,
2026-03-18T00:02:24.330Z,market,trade,TESTE,100497.68806859854,35,,,,BTG,XP,,,
2026-03-18T00:02:24.491Z,market,trade,TESTE,100510.31456473697,20,,,,ITAU,CS,,,
2026-03-18T00:02:24.643Z,market,trade,TESTE,100497.95384675797,162,,,,BTG,MS,,,
2026-03-18T00:02:24.807Z,market,trade,TESTE,100502.30934717348,28,,,,BARCL,GOLDM,,,
2026-03-18T00:02:24.968Z,market,trade,TESTE,100506.20935812943,185,,,,BARCL,XP,,,
2026-03-18T00:02:25.127Z,market,trade,TESTE,100505.37596483673,20,,,,UBS,CITI,,,
2026-03-18T00:02:25.291Z,market,trade,TESTE,100504.95890387778,52,,,,BTG,UBS,,,
2026-03-18T00:02:25.451Z,market,trade,TESTE,100505.53083335294,93,,,,GOLDM,MS,,,
2026-03-18T00:02:25.608Z,market,trade,TESTE,100510.94524676637,153,,,,BARCL,BTG,,,
2026-03-18T00:02:25.769Z,market,trade,TESTE,100510.61699321921,45,,,,ITAU,CITI,,,
2026-03-18T00:02:25.926Z,market,trade,TESTE,100512.58891542531,68,,,,UBS,XP,,,
2026-03-18T00:02:26.086Z,market,trade,TESTE,100512.75854675831,197,,,,ITAU,BTG,,,
2026-03-18T00:02:26.248Z,market,trade,TESTE,100512.51160695184,144,,,,BARCL,XP,,,
2026-03-18T00:02:26.404Z,market,trade,TESTE,100507.79180801021,128,,,,ITAU,XP,,,
2026-03-18T00:02:26.555Z,market,trade,TESTE,100495.63366752196,33,,,,JPM,CITI,,,
2026-03-18T00:02:26.710Z,market,trade,TESTE,100499.28610035172,130,,,,BTG,CITI,,,
2026-03-18T00:02:26.864Z,market,trade,TESTE,100494.36591256874,93,,,,BTG,BARCL,,,
2026-03-18T00:02:27.022Z,market,trade,TESTE,100491.35493151602,196,,,,CITI,ITAU,,,
2026-03-18T00:02:27.180Z,market,trade,TESTE,100496.65227252443,83,,,,BARCL,JPM,,,
2026-03-18T00:02:27.334Z,market,trade,TESTE,100494.98635641017,164,,,,UBS,BARCL,,,
2026-03-18T00:02:27.491Z,market,trade,TESTE,100483.80842745933,71,,,,MS,XP,,,
2026-03-18T00:02:27.646Z,market,trade,TESTE,100495.38152962404,14,,,,CS,UBS,,,
2026-03-18T00:02:27.808Z,market,flow_inversion,,,,,,,,,-104,9,GOLDM
2026-03-18T00:02:27.808Z,market,trade,TESTE,100487.44013497171,39,,,,MS,XP,,,
2026-03-18T00:02:27.971Z,market,trade,TESTE,100496.04599449164,132,,,,GOLDM,UBS,,,
2026-03-18T00:02:28.130Z,market,trade,TESTE,100494.45836834541,96,,,,CITI,XP,,,
2026-03-18T00:02:28.291Z,market,flow_inversion,,,,,,,,,9,-137,GOLDM
2026-03-18T00:02:28.291Z,market,trade,TESTE,100486.3115864676,146,,,,CS,GOLDM,,,
2026-03-18T00:02:28.443Z,market,trade,TESTE,100483.94114179589,14,,,,BTG,CS,,,
2026-03-18T00:02:28.606Z,market,trade,TESTE,100485.8001825333,103,,,,CITI,MS,,,
2026-03-18T00:02:28.766Z,market,trade,TESTE,100484.07309905953,50,,,,BTG,BARCL,,,
2026-03-18T00:02:28.930Z,market,trade,TESTE,100488.49511512472,107,,,,ITAU,GOLDM,,,
2026-03-18T00:02:29.082Z,market,trade,TESTE,100485.4947675191,77,,,,BARCL,BTG,,,
2026-03-18T00:02:29.235Z,market,trade,TESTE,100499.34455822717,114,,,,MS,JPM,,,
2026-03-18T00:02:29.395Z,market,trade,TESTE,100494.47100916019,25,,,,UBS,ITAU,,,
2026-03-18T00:02:29.554Z,market,trade,TESTE,100489.22008739886,37,,,,JPM,CS,,,
2026-03-18T00:02:29.706Z,market,trade,TESTE,100494.87449853172,75,,,,BARCL,BTG,,,
2026-03-18T00:02:29.867Z,market,trade,TESTE,100487.44771813581,43,,,,UBS,UBS,,,
2026-03-18T00:02:30.029Z,market,trade,TESTE,100500.22747825542,121,,,,CITI,XP,,,
2026-03-18T00:02:30.186Z,market,trade,TESTE,100501.8297449741,117,,,,ITAU,UBS,,,
2026-03-18T00:02:30.346Z,market,trade,TESTE,100488.44224841012,164,,,,BARCL,ITAU,,,
2026-03-18T00:02:30.506Z,market,trade,TESTE,100499.98651340876,68,,,,JPM,GOLDM,,,
2026-03-18T00:02:30.667Z,market,trade,TESTE,100498.0060740875,192,,,,XP,CS,,,
2026-03-18T00:02:30.823Z,market,trade,TESTE,100493.68291618416,83,,,,JPM,JPM,,,
2026-03-18T00:02:30.977Z,market,trade,TESTE,100493.10870986029,83,,,,MS,BARCL,,,
2026-03-18T00:02:31.136Z,market,trade,TESTE,100486.37418651991,37,,,,BARCL,JPM,,,
2026-03-18T00:02:31.290Z,market,trade,TESTE,100490.15461006992,143,,,,CITI,JPM,,,
2026-03-18T00:02:31.444Z,market,trade,TESTE,100497.51237960887,129,,,,JPM,UBS,,,
2026-03-18T00:02:31.601Z,market,trade,TESTE,100482.63876029321,153,,,,CITI,CS,,,
2026-03-18T00:02:31.754Z,market,trade,TESTE,100483.83474774775,46,,,,XP,UBS,,,
2026-03-18T00:02:31.906Z,market,trade,TESTE,100490.45368593089,28,,,,ITAU,CITI,,,
2026-03-18T00:02:32.065Z,market,trade,TESTE,100488.96556497998,24,,,,BARCL,BARCL,,,
2026-03-18T00:02:32.235Z,market,trade,TESTE,100478.13187487097,140,,,,UBS,JPM,,,
2026-03-18T00:02:32.390Z,market,trade,TESTE,100487.49145903632,143,,,,CITI,BARCL,,,
2026-03-18T00:02:32.555Z,market,trade,TESTE,100474.87495592987,26,,,,CITI,CS,,,
2026-03-18T00:02:32.710Z,market,trade,TESTE,100474.42441719328,163,,,,XP,MS,,,
2026-03-18T00:02:32.871Z,market,trade,TESTE,100479.78634871462,82,,,,JPM,MS,,,
2026-03-18T00:02:33.029Z,market,trade,TESTE,100473.6241406022,59,,,,BTG,CS,,,
2026-03-18T00:02:33.187Z,market,trade,TESTE,100488.54833569049,155,,,,CS,XP,,,
2026-03-18T00:02:33.355Z,market,trade,TESTE,100480.02703600671,18,,,,XP,XP,,,
2026-03-18T00:02:33.507Z,market,trade,TESTE,100495.02297728596,37,,,,CS,BARCL,,,
2026-03-18T00:02:33.660Z,market,trade,TESTE,100499.18409373781,90,,,,UBS,XP,,,
2026-03-18T00:02:33.811Z,market,trade,TESTE,100494.0769156979,98,,,,UBS,XP,,,
2026-03-18T00:02:33.967Z,market,trade,TESTE,100508.02432648186,160,,,,CITI,CS,,,
2026-03-18T00:02:34.121Z,market,trade,TESTE,100499.54358559575,192,,,,UBS,JPM,,,
2026-03-18T00:02:34.275Z,market,trade,TESTE,100496.6792738416,136,,,,UBS,GOLDM,,,
2026-03-18T00:02:34.429Z,market,trade,TESTE,100492.27700272463,185,,,,UBS,JPM,,,
2026-03-18T00:02:34.581Z,market,trade,TESTE,100495.9661791736,69,,,,CITI,BTG,,,
2026-03-18T00:02:34.736Z,market,trade,TESTE,100494.74569343604,112,,,,CS,ITAU,,,
2026-03-18T00:02:34.886Z,market,trade,TESTE,100494.07009256598,184,,,,UBS,BTG,,,
2026-03-18T00:02:35.054Z,market,trade,TESTE,100492.86437044363,72,,,,MS,JPM,,,
2026-03-18T00:02:35.210Z,market,trade,TESTE,100495.22339271172,108,,,,GOLDM,BARCL,,,
2026-03-18T00:02:35.376Z,market,trade,TESTE,100503.49406717852,198,,,,GOLDM,JPM,,,
2026-03-18T00:02:35.530Z,market,trade,TESTE,100504.01184192357,88,,,,XP,BTG,,,
2026-03-18T00:02:35.690Z,market,trade,TESTE,100497.30272024439,87,,,,ITAU,MS,,,
2026-03-18T00:02:35.851Z,market,trade,TESTE,100494.62927325343,44,,,,JPM,GOLDM,,,
2026-03-18T00:02:36.009Z,market,trade,TESTE,100495.99449604146,60,,,,CITI,ITAU,,,
2026-03-18T00:02:36.166Z,market,trade,TESTE,100499.09565363712,92,,,,CS,GOLDM,,,
2026-03-18T00:02:36.331Z,market,trade,TESTE,100503.10880931637,171,,,,ITAU,XP,,,
2026-03-18T00:02:36.486Z,market,trade,TESTE,100508.04867400117,59,,,,XP,BTG,,,
2026-03-18T00:02:36.647Z,market,trade,TESTE,100509.42044843071,77,,,,BTG,ITAU,,,
2026-03-18T00:02:36.805Z,market,trade,TESTE,100520.15644650646,99,,,,BARCL,XP,,,
2026-03-18T00:02:36.966Z,market,trade,TESTE,100509.31025483183,192,,,,BTG,XP,,,
2026-03-18T00:02:37.127Z,market,trade,TESTE,100509.79758734605,185,,,,JPM,GOLDM,,,
2026-03-18T00:02:37.290Z,market,trade,TESTE,100524.1877305956,32,,,,ITAU,JPM,,,
2026-03-18T00:02:37.447Z,market,trade,TESTE,100513.69214363804,92,,,,JPM,MS,,,
2026-03-18T00:02:37.611Z,market,trade,TESTE,100509.63156706785,8,,,,JPM,XP,,,
2026-03-18T00:02:37.769Z,market,trade,TESTE,100510.93790452479,178,,,,UBS,GOLDM,,,
2026-03-18T00:02:37.926Z,market,trade,TESTE,100519.45838477078,63,,,,MS,ITAU,,,
2026-03-18T00:02:38.087Z,market,trade,TESTE,100519.15378149731,55,,,,UBS,MS,,,
2026-03-18T00:02:38.251Z,market,trade,TESTE,100517.43398817378,145,,,,XP,CS,,,
2026-03-18T00:02:38.413Z,market,trade,TESTE,100507.69348417851,46,,,,CS,BARCL,,,
2026-03-18T00:02:38.574Z,market,trade,TESTE,100513.63466163167,72,,,,ITAU,ITAU,,,
2026-03-18T00:02:38.731Z,market,trade,TESTE,100504.33084956552,111,,,,ITAU,XP,,,
2026-03-18T00:02:38.890Z,market,trade,TESTE,100503.2283648825,12,,,,UBS,XP,,,
2026-03-18T00:02:39.050Z,market,trade,TESTE,100511.44412698373,176,,,,XP,GOLDM,,,
2026-03-18T00:02:39.205Z,market,trade,TESTE,100509.11301366493,118,,,,CS,GOLDM,,,
2026-03-18T00:02:39.373Z,market,trade,TESTE,100503.36159199022,165,,,,XP,BTG,,,
2026-03-18T00:02:39.530Z,market,trade,TESTE,100512.70985590655,125,,,,CITI,BARCL,,,
2026-03-18T00:02:39.690Z,market,trade,TESTE,100498.91921054064,34,,,,MS,BTG,,,
2026-03-18T00:02:39.846Z,market,trade,TESTE,100497.4042748821,11,,,,JPM,JPM,,,
2026-03-18T00:02:40.006Z,market,trade,TESTE,100510.20150524275,23,,,,UBS,JPM,,,
2026-03-18T00:02:40.166Z,market,trade,TESTE,100514.07686283634,85,,,,BTG,XP,,,
2026-03-18T00:02:40.330Z,market,trade,TESTE,100514.0505882218,171,,,,JPM,CS,,,
2026-03-18T00:02:40.490Z,market,trade,TESTE,100502.16651527096,12,,,,XP,UBS,,,
2026-03-18T00:02:40.650Z,market,trade,TESTE,100506.80114959671,141,,,,ITAU,BARCL,,,
2026-03-18T00:02:40.809Z,market,trade,TESTE,100504.31418984866,15,,,,BTG,CITI,,,
2026-03-18T00:02:40.967Z,market,trade,TESTE,100510.3791535405,184,,,,MS,CS,,,
2026-03-18T00:02:41.130Z,market,trade,TESTE,100504.0699290117,54,,,,CS,XP,,,
2026-03-18T00:02:41.290Z,market,trade,TESTE,100512.20823206591,154,,,,UBS,GOLDM,,,
2026-03-18T00:02:41.446Z,market,trade,TESTE,100501.24290382152,67,,,,BARCL,ITAU,,,
2026-03-18T00:02:41.603Z,market,trade,TESTE,100497.69756948127,14,,,,UBS,CS,,,
2026-03-18T00:02:41.766Z,market,trade,TESTE,100493.18746226149,71,,,,MS,MS,,,
2026-03-18T00:02:41.927Z,market,trade,TESTE,100503.48713071608,35,,,,MS,MS,,,
2026-03-18T00:02:42.087Z,market,trade,TESTE,100499.47153613412,123,,,,CS,BTG,,,
2026-03-18T00:02:42.246Z,market,trade,TESTE,100503.4867368012,91,,,,BARCL,JPM,,,
2026-03-18T00:02:42.401Z,market,trade,TESTE,100497.1365803843,75,,,,BARCL,BTG,,,
2026-03-18T00:02:42.555Z,market,trade,TESTE,100497.70519370153,171,,,,UBS,BARCL,,,
2026-03-18T00:02:42.707Z,market,trade,TESTE,100506.4370322175,106,,,,GOLDM,BTG,,,
2026-03-18T00:02:42.870Z,market,trade,TESTE,100506.60693048492,75,,,,ITAU,JPM,,,
2026-03-18T00:02:43.032Z,market,trade,TESTE,100503.50570672732,25,,,,CITI,GOLDM,,,
2026-03-18T00:02:43.182Z,market,trade,TESTE,100488.64615377478,190,,,,XP,UBS,,,
2026-03-18T00:02:43.336Z,market,trade,TESTE,100487.9499200249,126,,,,ITAU,GOLDM,,,
2026-03-18T00:02:43.490Z,market,trade,TESTE,100497.41203967275,58,,,,BARCL,CITI,,,
2026-03-18T00:02:43.650Z,market,trade,TESTE,100490.43438940188,110,,,,XP,BTG,,,
2026-03-18T00:02:43.812Z,market,trade,TESTE,100500.73884007346,104,,,,MS,GOLDM,,,
2026-03-18T00:02:43.964Z,market,trade,TESTE,100494.79228409192,90,,,,JPM,MS,,,
2026-03-18T00:02:44.115Z,market,trade,TESTE,100507.35351844912,175,,,,CITI,XP,,,
2026-03-18T00:02:44.270Z,market,trade,TESTE,100494.54554695045,72,,,,CITI,UBS,,,
2026-03-18T00:02:44.434Z,market,trade,TESTE,100493.36710106823,100,,,,CITI,BARCL,,,
2026-03-18T00:02:44.585Z,market,trade,TESTE,100489.76578117239,62,,,,BARCL,ITAU,,,
2026-03-18T00:02:44.751Z,market,trade,TESTE,100502.49024186486,69,,,,XP,BTG,,,
2026-03-18T00:02:44.906Z,market,trade,TESTE,100495.24775980398,164,,,,UBS,ITAU,,,
2026-03-18T00:02:45.066Z,market,trade,TESTE,100505.6635471442,74,,,,CS,MS,,,
2026-03-18T00:02:45.235Z,market,trade,TESTE,100503.49927332794,133,,,,CS,XP,,,
2026-03-18T00:02:45.391Z,market,trade,TESTE,100504.750663516,138,,,,CS,CS,,,
2026-03-18T00:02:45.544Z,market,trade,TESTE,100497.14657210006,28,,,,CS,GOLDM,,,
2026-03-18T00:02:45.706Z,market,trade,TESTE,100495.2792153067,180,,,,MS,UBS,,,
2026-03-18T00:02:45.866Z,market,trade,TESTE,100507.67629293301,47,,,,BARCL,BTG,,,
2026-03-18T00:02:46.023Z,market,trade,TESTE,100505.6638015107,22,,,,JPM,UBS,,,
2026-03-18T00:02:46.185Z,market,trade,TESTE,100503.31091997043,74,,,,XP,CITI,,,
2026-03-18T00:02:46.346Z,market,trade,TESTE,100499.6870736845,103,,,,ITAU,JPM,,,
2026-03-18T00:02:46.506Z,market,trade,TESTE,100502.32530167986,168,,,,GOLDM,GOLDM,,,
2026-03-18T00:02:46.666Z,market,trade,TESTE,100499.09882686219,18,,,,CITI,CITI,,,
2026-03-18T00:02:46.819Z,market,trade,TESTE,100490.60946052955,11,,,,XP,ITAU,,,
2026-03-18T00:02:46.973Z,market,trade,TESTE,100501.76279667916,151,,,,CITI,ITAU,,,
2026-03-18T00:02:47.126Z,market,trade,TESTE,100497.2384775706,131,,,,GOLDM,BARCL,,,
2026-03-18T00:02:47.290Z,market,trade,TESTE,100485.06221750139,137,,,,CS,BARCL,,,
2026-03-18T00:02:47.450Z,market,trade,TESTE,100492.91147126198,175,,,,GOLDM,UBS,,,
2026-03-18T00:02:47.603Z,market,trade,TESTE,100478.46213376934,24,,,,UBS,UBS,,,
2026-03-18T00:02:47.766Z,market,trade,TESTE,100480.1193243399,53,,,,CITI,GOLDM,,,
2026-03-18T00:02:47.930Z,market,trade,TESTE,100478.4285910701,61,,,,CITI,CS,,,
2026-03-18T00:02:48.086Z,market,trade,TESTE,100475.49037289203,79,,,,CITI,XP,,,
2026-03-18T00:02:48.248Z,market,trade,TESTE,100470.54178038269,132,,,,CITI,MS,,,
2026-03-18T00:02:48.407Z,market,trade,TESTE,100479.60389605649,98,,,,JPM,XP,,,
2026-03-18T00:02:48.569Z,market,trade,TESTE,100471.1975481958,47,,,,GOLDM,ITAU,,,
2026-03-18T00:02:48.726Z,market,trade,TESTE,100485.95908428109,120,,,,BTG,CS,,,
2026-03-18T00:02:48.887Z,market,trade,TESTE,100489.4624680854,31,,,,ITAU,CS,,,
2026-03-18T00:02:49.050Z,market,trade,TESTE,100485.60850720112,102,,,,GOLDM,JPM,,,
2026-03-18T00:02:49.208Z,market,trade,TESTE,100478.73597733576,161,,,,CS,ITAU,,,
2026-03-18T00:02:49.363Z,market,trade,TESTE,100487.20928959332,165,,,,JPM,CITI,,,
2026-03-18T00:02:49.514Z,market,trade,TESTE,100474.07569210706,8,,,,MS,ITAU,,,
2026-03-18T00:02:49.670Z,market,trade,TESTE,100483.21941270209,41,,,,XP,JPM,,,
2026-03-18T00:02:49.833Z,market,trade,TESTE,100484.06437766519,106,,,,BTG,UBS,,,
2026-03-18T00:02:49.987Z,market,trade,TESTE,100484.24013926549,64,,,,CITI,ITAU,,,
2026-03-18T00:02:50.150Z,market,trade,TESTE,100474.4333674703,9,,,,BARCL,UBS,,,
2026-03-18T00:02:50.303Z,market,trade,TESTE,100486.05893126865,88,,,,UBS,GOLDM,,,
2026-03-18T00:02:50.454Z,market,trade,TESTE,100477.06922615142,73,,,,BTG,CITI,,,
2026-03-18T00:02:50.605Z,market,trade,TESTE,100484.24354739767,32,,,,CS,UBS,,,
2026-03-18T00:02:50.770Z,market,trade,TESTE,100477.01002779588,196,,,,GOLDM,JPM,,,
2026-03-18T00:02:50.934Z,market,trade,TESTE,100480.58134014157,76,,,,UBS,CS,,,
2026-03-18T00:02:51.090Z,market,trade,TESTE,100495.00459129034,40,,,,MS,GOLDM,,,
2026-03-18T00:02:51.250Z,market,trade,TESTE,100492.19816973119,84,,,,JPM,MS,,,
2026-03-18T00:02:51.403Z,market,trade,TESTE,100494.15603005214,150,,,,BTG,ITAU,,,
2026-03-18T00:02:51.566Z,market,trade,TESTE,100486.0472293819,175,,,,JPM,MS,,,
2026-03-18T00:02:51.730Z,market,trade,TESTE,100496.41675904917,140,,,,UBS,CITI,,,
2026-03-18T00:02:51.890Z,market,trade,TESTE,100490.05243548521,41,,,,BTG,XP,,,
2026-03-18T00:02:52.050Z,market,trade,TESTE,100500.4681116191,5,,,,UBS,BTG,,,
2026-03-18T00:02:52.207Z,market,trade,TESTE,100498.96111487002,136,,,,MS,MS,,,
2026-03-18T00:02:52.371Z,market,trade,TESTE,100499.41844634242,64,,,,ITAU,BARCL,,,
2026-03-18T00:02:52.526Z,market,trade,TESTE,100493.17813790898,176,,,,MS,MS,,,
2026-03-18T00:02:52.687Z,market,trade,TESTE,100500.28014716729,102,,,,ITAU,XP,,,
2026-03-18T00:02:52.849Z,market,trade,TESTE,100485.36373405655,21,,,,GOLDM,XP,,,
2026-03-18T00:02:53.004Z,market,trade,TESTE,100486.75717436263,149,,,,XP,BTG,,,
2026-03-18T00:02:53.161Z,market,trade,TESTE,100491.66074432418,70,,,,GOLDM,BARCL,,,
2026-03-18T00:02:53.315Z,market,trade,TESTE,100499.87608345012,98,,,,CS,BTG,,,
2026-03-18T00:02:53.474Z,market,trade,TESTE,100492.89089941367,109,,,,XP,CITI,,,
2026-03-18T00:02:53.634Z,market,trade,TESTE,100500.9400136158,177,,,,MS,BTG,,,
2026-03-18T00:02:53.798Z,market,trade,TESTE,100487.03710164072,56,,,,XP,CS,,,
2026-03-18T00:02:53.954Z,market,trade,TESTE,100493.62644648083,22,,,,ITAU,JPM,,,
2026-03-18T00:02:54.106Z,market,trade,TESTE,100497.5907997994,68,,,,BTG,GOLDM,,,
2026-03-18T00:02:54.266Z,market,trade,TESTE,100497.85920622105,73,,,,BARCL,UBS,,,
2026-03-18T00:02:54.435Z,market,trade,TESTE,100493.28214459904,188,,,,UBS,CITI,,,
2026-03-18T00:02:54.593Z,market,trade,TESTE,100493.63757995152,19,,,,ITAU,JPM,,,
2026-03-18T00:02:54.744Z,market,trade,TESTE,100486.07563689389,68,,,,GOLDM,BTG,,,
2026-03-18T00:02:54.906Z,market,trade,TESTE,100489.0954341975,117,,,,BTG,CITI,,,
2026-03-18T00:02:55.066Z,market,trade,TESTE,100486.31010002714,183,,,,CS,ITAU,,,
2026-03-18T00:02:55.229Z,market,trade,TESTE,100483.67114613927,153,,,,CS,CITI,,,
2026-03-18T00:02:55.385Z,market,trade,TESTE,100488.63496164429,144,,,,JPM,GOLDM,,,
2026-03-18T00:02:55.550Z,market,trade,TESTE,100497.94649748133,95,,,,ITAU,XP,,,
2026-03-18T00:02:55.705Z,market,trade,TESTE,100500.16344163375,22,,,,JPM,CITI,,,
2026-03-18T00:02:55.866Z,market,trade,TESTE,100488.3967776285,190,,,,BTG,CS,,,
2026-03-18T00:02:56.021Z,market,trade,TESTE,100496.58345138066,155,,,,JPM,UBS,,,
2026-03-18T00:02:56.173Z,market,trade,TESTE,100495.86794441777,111,,,,GOLDM,CITI,,,
2026-03-18T00:02:56.335Z,market,trade,TESTE,100490.33003281559,154,,,,MS,UBS,,,
2026-03-18T00:02:56.491Z,market,trade,TESTE,100485.81466785523,42,,,,JPM,CS,,,
2026-03-18T00:02:56.642Z,market,trade,TESTE,100497.06498511865,179,,,,CS,UBS,,,
2026-03-18T00:02:56.797Z,market,trade,TESTE,100496.91041936917,37,,,,CITI,BTG,,,
2026-03-18T00:02:56.950Z,market,trade,TESTE,100495.74973842024,9,,,,XP,MS,,,
2026-03-18T00:02:57.111Z,market,trade,TESTE,100498.52793092764,195,,,,BARCL,BTG,,,
2026-03-18T00:02:57.264Z,market,trade,TESTE,100495.80669626682,121,,,,GOLDM,GOLDM,,,
2026-03-18T00:02:57.418Z,market,trade,TESTE,100490.06104207374,114,,,,ITAU,BARCL,,,
2026-03-18T00:02:57.582Z,market,trade,TESTE,100492.23443499728,162,,,,GOLDM,MS,,,
2026-03-18T00:02:57.746Z,market,trade,TESTE,100496.30247223015,42,,,,BARCL,GOLDM,,,
2026-03-18T00:02:57.906Z,market,trade,TESTE,100500.48506126653,34,,,,XP,CITI,,,
2026-03-18T00:02:58.070Z,market,trade,TESTE,100512.32821180113,37,,,,JPM,CS,,,
2026-03-18T00:02:58.223Z,market,trade,TESTE,100501.23962666206,43,,,,BTG,JPM,,,
2026-03-18T00:02:58.379Z,market,trade,TESTE,100515.15057336379,140,,,,CS,GOLDM,,,
2026-03-18T00:02:58.535Z,market,trade,TESTE,100501.01035276293,55,,,,MS,BARCL,,,
2026-03-18T00:02:58.686Z,market,trade,TESTE,100501.41215604525,102,,,,GOLDM,XP,,,
2026-03-18T00:02:58.842Z,market,trade,TESTE,100498.39437212422,129,,,,BARCL,CS,,,
2026-03-18T00:02:58.996Z,market,trade,TESTE,100495.94852219323,189,,,,ITAU,XP,,,
2026-03-18T00:02:59.150Z,market,trade,TESTE,100495.27973625893,138,,,,CITI,JPM,,,
2026-03-18T00:02:59.306Z,market,trade,TESTE,100503.70838596599,159,,,,BTG,GOLDM,,,
2026-03-18T00:02:59.467Z,market,trade,TESTE,100498.52585428361,74,,,,XP,CS,,,
2026-03-18T00:02:59.622Z,market,trade,TESTE,100508.7879181624,133,,,,GOLDM,XP,,,
2026-03-18T00:02:59.776Z,market,trade,TESTE,100495.27314378101,181,,,,JPM,ITAU,,,
2026-03-18T00:02:59.934Z,market,trade,TESTE,100494.4194221335,75,,,,ITAU,JPM,,,
2026-03-18T00:03:00.087Z,market,trade,TESTE,100505.41947701735,90,,,,BTG,CS,,,
2026-03-18T00:03:00.250Z,market,trade,TESTE,100504.44050115425,128,,,,BTG,XP,,,
2026-03-18T00:03:00.407Z,market,trade,TESTE,100492.82993601645,49,,,,BTG,JPM,,,
2026-03-18T00:03:00.563Z,market,trade,TESTE,100504.3628182553,21,,,,XP,BTG,,,
2026-03-18T00:03:00.714Z,market,trade,TESTE,100494.37972581608,165,,,,ITAU,CS,,,
2026-03-18T00:03:00.870Z,market,trade,TESTE,100508.23884945616,8,,,,UBS,BTG,,,
2026-03-18T00:03:01.034Z,market,trade,TESTE,100509.16953879854,49,,,,CITI,MS,,,
2026-03-18T00:03:01.190Z,market,trade,TESTE,100504.01678720262,51,,,,GOLDM,MS,,,
2026-03-18T00:03:01.350Z,market,trade,TESTE,100514.9017899489,133,,,,CITI,JPM,,,
2026-03-18T00:03:01.507Z,market,trade,TESTE,100519.51167159708,82,,,,UBS,GOLDM,,,
2026-03-18T00:03:01.667Z,market,trade,TESTE,100505.43430670837,21,,,,GOLDM,JPM,,,
2026-03-18T00:03:01.824Z,market,trade,TESTE,100508.43333692948,161,,,,JPM,BTG,,,
2026-03-18T00:03:01.982Z,market,trade,TESTE,100504.91425239037,153,,,,BTG,XP,,,
2026-03-18T00:03:02.135Z,market,trade,TESTE,100517.14406316241,147,,,,XP,ITAU,,,
2026-03-18T00:03:02.290Z,market,trade,TESTE,100515.90734213653,31,,,,JPM,GOLDM,,,
2026-03-18T00:03:02.452Z,market,trade,TESTE,100501.97055035038,134,,,,UBS,GOLDM,,,
2026-03-18T00:03:02.604Z,market,trade,TESTE,100498.21192232039,190,,,,MS,CITI,,,
2026-03-18T00:03:02.766Z,market,trade,TESTE,100495.77420722425,177,,,,JPM,CITI,,,
2026-03-18T00:03:02.931Z,market,trade,TESTE,100494.46590308257,23,,,,GOLDM,JPM,,,
2026-03-18T00:03:03.090Z,market,trade,TESTE,100509.27452301265,57,,,,ITAU,UBS,,,
2026-03-18T00:03:03.244Z,market,trade,TESTE,100513.80773605932,171,,,,XP,JPM,,,
2026-03-18T00:03:03.402Z,market,trade,TESTE,100501.4200691335,176,,,,BARCL,CITI,,,
2026-03-18T00:03:03.555Z,market,trade,TESTE,100511.92027339315,70,,,,BARCL,CS,,,
2026-03-18T00:03:03.711Z,market,trade,TESTE,100497.8963728804,66,,,,CITI,GOLDM,,,
2026-03-18T00:03:03.863Z,market,trade,TESTE,100512.47776959039,114,,,,CS,CITI,,,
2026-03-18T00:03:04.021Z,market,trade,TESTE,100514.80471226801,35,,,,CITI,XP,,,
2026-03-18T00:03:04.186Z,market,trade,TESTE,100507.99245782326,89,,,,ITAU,MS,,,
2026-03-18T00:03:04.350Z,market,trade,TESTE,100506.8783521644,11,,,,JPM,ITAU,,,
2026-03-18T00:03:04.510Z,market,trade,TESTE,100505.81729788567,73,,,,BARCL,ITAU,,,
2026-03-18T00:03:04.663Z,market,trade,TESTE,100503.63932558555,74,,,,CS,MS,,,
2026-03-18T00:03:04.814Z,market,trade,TESTE,100503.1483701965,166,,,,GOLDM,CITI,,,
2026-03-18T00:03:04.966Z,market,trade,TESTE,100502.74962280547,95,,,,MS,CITI,,,
2026-03-18T00:03:05.127Z,market,trade,TESTE,100512.21239568354,60,,,,JPM,BARCL,,,
2026-03-18T00:03:05.284Z,market,trade,TESTE,100500.03094196791,146,,,,MS,BTG,,,
2026-03-18T00:03:05.436Z,market,trade,TESTE,100506.90653310042,96,,,,ITAU,CITI,,,
2026-03-18T00:03:05.587Z,market,trade,TESTE,100510.33440066413,29,,,,BTG,XP,,,
2026-03-18T00:03:05.750Z,market,trade,TESTE,100498.7536289689,57,,,,ITAU,XP,,,
2026-03-18T00:03:05.911Z,market,trade,TESTE,100500.04822257285,119,,,,BARCL,GOLDM,,,
2026-03-18T00:03:06.065Z,market,trade,TESTE,100504.31773329756,159,,,,XP,BARCL,,,
2026-03-18T00:03:06.228Z,market,trade,TESTE,100503.31416483875,110,,,,XP,MS,,,
2026-03-18T00:03:06.385Z,market,trade,TESTE,100505.21676129957,63,,,,GOLDM,UBS,,,
2026-03-18T00:03:06.546Z,market,trade,TESTE,100504.55530915421,180,,,,CS,JPM,,,
2026-03-18T00:03:06.706Z,market,trade,TESTE,100517.12208728302,129,,,,JPM,CITI,,,
2026-03-18T00:03:06.874Z,market,trade,TESTE,100515.04825464492,166,,,,CS,GOLDM,,,
2026-03-18T00:03:07.030Z,market,trade,TESTE,100508.7428586051,197,,,,CITI,JPM,,,
2026-03-18T00:03:07.183Z,market,trade,TESTE,100504.92445946725,62,,,,BTG,XP,,,
2026-03-18T00:03:07.346Z,market,trade,TESTE,100500.05385750328,8,,,,XP,UBS,,,
2026-03-18T00:03:07.510Z,market,trade,TESTE,100510.30214225249,77,,,,CITI,MS,,,
2026-03-18T00:03:07.663Z,market,trade,TESTE,100509.72660273139,144,,,,BARCL,XP,,,
2026-03-18T00:03:07.821Z,market,trade,TESTE,100509.03975908969,61,,,,MS,ITAU,,,
2026-03-18T00:03:07.974Z,market,trade,TESTE,100503.8095879718,19,,,,BARCL,BTG,,,
2026-03-18T00:03:08.126Z,market,trade,TESTE,100508.94646076884,151,,,,UBS,XP,,,
2026-03-18T00:03:08.290Z,market,trade,TESTE,100495.23417520939,115,,,,CITI,UBS,,,
2026-03-18T00:03:08.450Z,market,trade,TESTE,100504.86296814619,170,,,,GOLDM,GOLDM,,,
2026-03-18T00:03:08.604Z,market,trade,TESTE,100499.67261863004,99,,,,ITAU,ITAU,,,
2026-03-18T00:03:08.766Z,market,trade,TESTE,100505.00628760959,69,,,,XP,ITAU,,,
2026-03-18T00:03:08.926Z,market,trade,TESTE,100496.23411934324,10,,,,CS,BARCL,,,
2026-03-18T00:03:09.082Z,market,trade,TESTE,100495.72366508654,160,,,,XP,BARCL,,,
2026-03-18T00:03:09.234Z,market,trade,TESTE,100503.4013629255,178,,,,GOLDM,ITAU,,,
2026-03-18T00:03:09.391Z,market,trade,TESTE,100489.65214266858,39,,,,CITI,CS,,,
2026-03-18T00:03:09.546Z,market,trade,TESTE,100493.30474097402,171,,,,BARCL,UBS,,,
2026-03-18T00:03:09.706Z,market,trade,TESTE,100497.65280009212,166,,,,XP,BTG,,,
2026-03-18T00:03:09.867Z,market,trade,TESTE,100504.46102440376,115,,,,GOLDM,GOLDM,,,
2026-03-18T00:03:10.030Z,market,trade,TESTE,100498.5622346416,60,,,,CITI,UBS,,,
2026-03-18T00:03:10.187Z,market,trade,TESTE,100495.22179985091,112,,,,CS,MS,,,
2026-03-18T00:03:10.350Z,market,trade,TESTE,100491.15017463216,185,,,,CS,XP,,,
2026-03-18T00:03:10.504Z,market,trade,TESTE,100496.9716041849,94,,,,BTG,JPM,,,
2026-03-18T00:03:10.654Z,market,trade,TESTE,100495.263803791,53,,,,BTG,ITAU,,,
2026-03-18T00:03:10.816Z,market,trade,TESTE,100498.53210616225,8,,,,BARCL,BARCL,,,
