ts,topic,type,ticker,price,qty,agent,rule,label,buy_agent,sell_agent,previous_delta,current_delta,agent_name
2026-03-17T17:55:52.465Z,market,trade,TESTE,99992.95186703451,125,,,,JPM,UBS,,,
2026-03-17T17:55:52.621Z,market,trade,TESTE,99999.43336297118,109,,,,ITAU,CS,,,
2026-03-17T17:55:52.779Z,market,trade,TESTE,99994.88887396644,152,,,,ITAU,CS,,,
2026-03-17T17:55:52.939Z,market,trade,TESTE,99982.83260123878,199,,,,BARCL,JPM,,,
2026-03-17T17:55:53.095Z,market,trade,TESTE,99987.68083534454,195,,,,XP,GOLDM,,,
2026-03-17T17:55:53.250Z,market,trade,TESTE,99990.35300753359,113,,,,MS,CITI,,,
2026-03-17T17:55:53.402Z,market,trade,TESTE,99993.74888093141,48,,,,JPM,XP,,,
2026-03-17T17:55:53.562Z,market,trade,TESTE,99994.52459605358,71,,,,JPM,XP,,,
2026-03-17T17:55:53.718Z,market,trade,TESTE,100008.5042202432,37,,,,BTG,JPM,,,
2026-03-17T17:55:53.873Z,market,trade,TESTE,99997.3250234012,50,,,,CS,ITAU,,,
2026-03-17T17:55:54.028Z,market,trade,TESTE,99993.79224589122,64,,,,MS,CS,,,
2026-03-17T17:55:54.178Z,market,trade,TESTE,100000.56487056143,165,,,,GOLDM,GOLDM,,,
2026-03-17T17:55:54.339Z,market,trade,TESTE,99991.98406432933,16,,,,UBS,CS,,,
2026-03-17T17:55:54.498Z,market,trade,TESTE,100006.20593665449,23,,,,CS,BTG,,,
2026-03-17T17:55:54.656Z,market,trade,TESTE,100011.01331363623,186,,,,GOLDM,BARCL,,,
2026-03-17T17:55:54.817Z,market,trade,TESTE,100009.77102280267,78,,,,BTG,GOLDM,,,
2026-03-17T17:55:54.977Z,market,flow_inversion,,,,,,,,,-23,161,BTG
2026-03-17T17:55:54.977Z,market,trade,TESTE,100005.93054806179,184,,,,BTG,CS,,,
2026-03-17T17:55:55.130Z,market,trade,TESTE,100007.0271675911,174,,,,MS,UBS,,,
2026-03-17T17:55:55.288Z,market,trade,TESTE,100010.10936984187,40,,,,GOLDM,ITAU,,,
2026-03-17T17:55:55.449Z,market,trade,TESTE,100001.16851206053,106,,,,MS,CS,,,
2026-03-17T17:55:55.608Z,market,flow_inversion,,,,,,,,,-125,62,UBS
2026-03-17T17:55:55.608Z,market,trade,TESTE,100009.94412115306,187,,,,UBS,CITI,,,
2026-03-17T17:55:55.766Z,market,trade,TESTE,100013.90148149889,47,,,,JPM,GOLDM,,,
2026-03-17T17:55:55.925Z,market,trade,TESTE,100004.92562511314,74,,,,MS,CS,,,
2026-03-17T17:55:56.083Z,market,trade,TESTE,100015.356461328,123,,,,BARCL,ITAU,,,
2026-03-17T17:55:56.234Z,market,trade,TESTE,100013.97538484426,104,,,,CITI,MS,,,
2026-03-17T17:55:56.396Z,market,trade,TESTE,100018.84460351506,112,,,,CS,UBS,,,
2026-03-17T17:55:56.547Z,market,trade,TESTE,100012.85112969147,69,,,,GOLDM,BARCL,,,
2026-03-17T17:55:56.707Z,market,trade,TESTE,100018.13981418069,106,,,,GOLDM,UBS,,,
2026-03-17T17:55:56.871Z,market,trade,TESTE,100020.77593576118,34,,,,MS,JPM,,,
2026-03-17T17:55:57.032Z,market,trade,TESTE,100022.41402805831,94,,,,BTG,UBS,,,
2026-03-17T17:55:57.186Z,market,trade,TESTE,100019.05160727625,20,,,,UBS,GOLDM,,,
2026-03-17T17:55:57.349Z,market,trade,TESTE,100008.96804488591,199,,,,ITAU,GOLDM,,,
2026-03-17T17:55:57.514Z,market,trade,TESTE,100011.4420801973,19,,,,GOLDM,MS,,,
2026-03-17T17:55:57.664Z,market,trade,TESTE,100023.61874063988,180,,,,UBS,CITI,,,
2026-03-17T17:55:57.816Z,market,trade,TESTE,100026.4817440579,43,,,,CITI,CITI,,,
2026-03-17T17:55:57.967Z,market,trade,TESTE,100031.27146137386,42,,,,BTG,MS,,,
2026-03-17T17:55:58.128Z,market,trade,TESTE,100030.39342680405,163,,,,BTG,XP,,,
2026-03-17T17:55:58.281Z,market,trade,TESTE,100021.44103400933,63,,,,XP,BTG,,,
2026-03-17T17:55:58.446Z,market,trade,TESTE,100028.10802925561,75,,,,BTG,BTG,,,
2026-03-17T17:55:58.596Z,market,trade,TESTE,100017.90243622332,186,,,,ITAU,BARCL,,,
2026-03-17T17:55:58.747Z,market,trade,TESTE,100021.97090981847,106,,,,BTG,UBS,,,
2026-03-17T17:55:58.913Z,market,trade,TESTE,100031.42259571963,69,,,,UBS,BARCL,,,
2026-03-17T17:55:59.064Z,market,trade,TESTE,100029.38493896146,128,,,,JPM,JPM,,,
2026-03-17T17:55:59.216Z,market,trade,TESTE,100021.54264224425,132,,,,ITAU,CITI,,,
2026-03-17T17:55:59.383Z,market,trade,TESTE,100017.81633581674,129,,,,CS,XP,,,
2026-03-17T17:55:59.550Z,market,trade,TESTE,100021.6263185411,131,,,,GOLDM,CS,,,
2026-03-17T17:55:59.709Z,market,trade,TESTE,100028.33831971647,139,,,,UBS,UBS,,,
2026-03-17T17:55:59.866Z,market,trade,TESTE,100016.23088789685,118,,,,CITI,CS,,,
2026-03-17T17:56:00.072Z,market,trade,TESTE,100013.06451379947,144,,,,BTG,BARCL,,,
2026-03-17T17:56:00.250Z,market,trade,TESTE,100020.9460266684,155,,,,XP,CS,,,
2026-03-17T17:56:00.403Z,market,trade,TESTE,100022.74495602016,52,,,,GOLDM,GOLDM,,,
2026-03-17T17:56:00.564Z,market,trade,TESTE,100027.33707794668,137,,,,ITAU,GOLDM,,,
2026-03-17T17:56:00.718Z,market,trade,TESTE,100031.26041186192,58,,,,JPM,CS,,,
2026-03-17T17:56:00.877Z,market,trade,TESTE,100030.9711449413,80,,,,BARCL,BTG,,,
2026-03-17T17:56:01.033Z,market,trade,TESTE,100016.27166783667,14,,,,BTG,CS,,,
2026-03-17T17:56:01.204Z,market,trade,TESTE,100016.59905946019,153,,,,ITAU,XP,,,
2026-03-17T17:56:01.366Z,market,trade,TESTE,100018.7934244883,166,,,,JPM,BARCL,,,
2026-03-17T17:56:01.527Z,market,trade,TESTE,100017.72149780064,88,,,,BARCL,BARCL,,,
2026-03-17T17:56:01.687Z,market,trade,TESTE,100015.07439712521,92,,,,CS,UBS,,,
2026-03-17T17:56:01.841Z,market,trade,TESTE,100012.65785698881,149,,,,XP,ITAU,,,
2026-03-17T17:56:01.995Z,market,trade,TESTE,100024.31653455916,170,,,,JPM,XP,,,
2026-03-17T17:56:02.153Z,market,trade,TESTE,100023.81109795917,133,,,,UBS,XP,,,
2026-03-17T17:56:02.315Z,market,trade,TESTE,100028.41129218013,30,,,,CS,CS,,,
2026-03-17T17:56:02.467Z,market,trade,TESTE,100024.33420751283,183,,,,UBS,ITAU,,,
2026-03-17T17:56:02.630Z,market,trade,TESTE,100010.7696171048,28,,,,XP,JPM,,,
2026-03-17T17:56:02.792Z,market,trade,TESTE,100022.16365413902,78,,,,CS,JPM,,,
2026-03-17T17:56:02.947Z,market,trade,TESTE,100011.43129374957,152,,,,UBS,CITI,,,
2026-03-17T17:56:03.111Z,market,trade,TESTE,100025.12907511319,157,,,,BARCL,GOLDM,,,
2026-03-17T17:56:03.267Z,market,trade,TESTE,100019.38869399691,69,,,,MS,BARCL,,,
2026-03-17T17:56:03.432Z,market,trade,TESTE,100024.06031213576,20,,,,JPM,UBS,,,
2026-03-17T17:56:03.589Z,market,trade,TESTE,100032.51600711058,164,,,,XP,UBS,,,
2026-03-17T17:56:03.749Z,market,trade,TESTE,100029.46395871518,150,,,,ITAU,CS,,,
2026-03-17T17:56:03.911Z,market,trade,TESTE,100029.85452519589,87,,,,XP,MS,,,
2026-03-17T17:56:04.065Z,market,trade,TESTE,100023.33876521206,183,,,,BARCL,BTG,,,
2026-03-17T17:56:04.217Z,market,trade,TESTE,100021.14035665279,103,,,,JPM,UBS,,,
2026-03-17T17:56:04.381Z,market,trade,TESTE,100027.41826610951,6,,,,BARCL,BTG,,,
2026-03-17T17:56:04.532Z,market,trade,TESTE,100013.70280554568,80,,,,UBS,CS,,,
2026-03-17T17:56:04.683Z,market,trade,TESTE,100019.76807846845,24,,,,CS,BARCL,,,
2026-03-17T17:56:04.834Z,market,trade,TESTE,100017.0502081284,15,,,,ITAU,UBS,,,
2026-03-17T17:56:04.988Z,market,trade,TESTE,100004.93550654281,130,,,,ITAU,CITI,,,
2026-03-17T17:56:05.147Z,market,flow_inversion,,,,,,,,,-21,153,GOLDM
2026-03-17T17:56:05.147Z,market,trade,TESTE,100015.12575588621,174,,,,GOLDM,GOLDM,,,
2026-03-17T17:56:05.312Z,market,trade,TESTE,100006.12942030284,190,,,,JPM,XP,,,
2026-03-17T17:56:05.468Z,market,trade,TESTE,100020.01842321965,136,,,,XP,MS,,,
2026-03-17T17:56:05.624Z,market,trade,TESTE,100016.96494001111,52,,,,BARCL,UBS,,,
2026-03-17T17:56:05.782Z,market,trade,TESTE,100002.98686085039,195,,,,XP,CITI,,,
2026-03-17T17:56:05.944Z,market,trade,TESTE,99999.3573601861,146,,,,BARCL,UBS,,,
2026-03-17T17:56:06.110Z,market,trade,TESTE,100004.65107459335,142,,,,BARCL,GOLDM,,,
2026-03-17T17:56:06.265Z,market,trade,TESTE,100005.76396407184,93,,,,UBS,MS,,,
2026-03-17T17:56:06.430Z,market,trade,TESTE,99992.20277574488,107,,,,XP,GOLDM,,,
2026-03-17T17:56:06.583Z,market,trade,TESTE,99999.09879658473,138,,,,GOLDM,UBS,,,
2026-03-17T17:56:06.745Z,market,trade,TESTE,99996.53124862014,138,,,,XP,GOLDM,,,
2026-03-17T17:56:06.899Z,market,trade,TESTE,99986.2584863302,9,,,,UBS,GOLDM,,,
2026-03-17T17:56:07.063Z,market,trade,TESTE,99982.16757489616,30,,,,GOLDM,CS,,,
2026-03-17T17:56:07.217Z,market,trade,TESTE,99987.89206765052,52,,,,MS,JPM,,,
2026-03-17T17:56:07.383Z,market,trade,TESTE,99992.07294974162,25,,,,CS,UBS,,,
2026-03-17T17:56:07.533Z,market,trade,TESTE,99995.92594737225,160,,,,BTG,MS,,,
2026-03-17T17:56:07.694Z,market,trade,TESTE,99999.28133603794,81,,,,JPM,GOLDM,,,
2026-03-17T17:56:07.849Z,market,trade,TESTE,99995.33501008307,102,,,,ITAU,CS,,,
2026-03-17T17:56:08.002Z,market,trade,TESTE,99982.69293033102,177,,,,BARCL,GOLDM,,,
2026-03-17T17:56:08.156Z,market,trade,TESTE,99982.29215528812,104,,,,UBS,CS,,,
2026-03-17T17:56:08.316Z,market,trade,TESTE,99986.91336993017,174,,,,JPM,GOLDM,,,
2026-03-17T17:56:08.468Z,market,trade,TESTE,100000.82460562204,96,,,,BARCL,GOLDM,,,
2026-03-17T17:56:08.631Z,market,trade,TESTE,99988.288689928,54,,,,BARCL,XP,,,
2026-03-17T17:56:08.794Z,market,trade,TESTE,99998.03571003476,49,,,,XP,ITAU,,,
2026-03-17T17:56:08.961Z,market,trade,TESTE,99983.2612487452,168,,,,CITI,XP,,,
2026-03-17T17:56:09.118Z,market,trade,TESTE,99989.82142810125,60,,,,BTG,GOLDM,,,
2026-03-17T17:56:09.280Z,market,trade,TESTE,99983.4742393724,55,,,,ITAU,XP,,,
2026-03-17T17:56:09.440Z,market,trade,TESTE,99992.16034490879,123,,,,CITI,ITAU,,,
2026-03-17T17:56:09.600Z,market,trade,TESTE,99977.44257263606,169,,,,ITAU,XP,,,
2026-03-17T17:56:09.758Z,market,trade,TESTE,99986.22298945517,101,,,,BTG,MS,,,
2026-03-17T17:56:09.912Z,market,trade,TESTE,99983.35692884368,25,,,,UBS,CITI,,,
2026-03-17T17:56:10.066Z,market,trade,TESTE,99981.46428914563,186,,,,UBS,CITI,,,
2026-03-17T17:56:10.227Z,market,trade,TESTE,99981.8788259521,106,,,,CS,CITI,,,
2026-03-17T17:56:10.382Z,market,trade,TESTE,99968.06957837642,47,,,,CS,CITI,,,
2026-03-17T17:56:10.542Z,market,trade,TESTE,99973.68174872705,105,,,,CS,UBS,,,
2026-03-17T17:56:10.699Z,market,trade,TESTE,99962.30689127628,86,,,,ITAU,UBS,,,
2026-03-17T17:56:10.861Z,market,trade,TESTE,99961.60409400765,49,,,,BTG,JPM,,,
2026-03-17T17:56:11.020Z,market,trade,TESTE,99956.76484635242,24,,,,JPM,CITI,,,
2026-03-17T17:56:11.176Z,market,trade,TESTE,99954.31862973011,155,,,,CITI,MS,,,
2026-03-17T17:56:11.338Z,market,trade,TESTE,99959.75371440849,109,,,,BTG,CITI,,,
2026-03-17T17:56:11.496Z,market,trade,TESTE,99957.56850308161,107,,,,UBS,MS,,,
2026-03-17T17:56:11.648Z,market,trade,TESTE,99960.13189114319,51,,,,BARCL,MS,,,
2026-03-17T17:56:11.801Z,market,trade,TESTE,99949.58669957696,126,,,,BARCL,CITI,,,
2026-03-17T17:56:11.965Z,market,trade,TESTE,99948.31376845838,42,,,,BTG,BTG,,,
2026-03-17T17:56:12.116Z,market,trade,TESTE,99946.01768902737,34,,,,BARCL,JPM,,,
2026-03-17T17:56:12.276Z,market,trade,TESTE,99951.17963315452,131,,,,CS,CS,,,
2026-03-17T17:56:12.431Z,market,trade,TESTE,99937.95215863934,109,,,,JPM,UBS,,,
2026-03-17T17:56:12.584Z,market,trade,TESTE,99949.42729871317,9,,,,CS,BARCL,,,
2026-03-17T17:56:12.746Z,market,trade,TESTE,99940.42782838001,124,,,,GOLDM,CITI,,,
2026-03-17T17:56:12.897Z,market,trade,TESTE,99954.79854860979,173,,,,XP,BARCL,,,
2026-03-17T17:56:13.056Z,market,trade,TESTE,99951.33093652244,11,,,,BARCL,UBS,,,
2026-03-17T17:56:13.217Z,market,trade,TESTE,99938.47032424744,136,,,,CS,BTG,,,
2026-03-17T17:56:13.381Z,market,trade,TESTE,99952.53006872616,47,,,,CITI,XP,,,
2026-03-17T17:56:13.534Z,market,trade,TESTE,99939.32132274646,156,,,,CITI,BTG,,,
2026-03-17T17:56:13.694Z,market,trade,TESTE,99951.6085155218,154,,,,BTG,CITI,,,
2026-03-17T17:56:13.850Z,market,trade,TESTE,99955.20344103649,124,,,,XP,BTG,,,
2026-03-17T17:56:14.008Z,market,trade,TESTE,99946.92861624103,196,,,,GOLDM,BTG,,,
2026-03-17T17:56:14.167Z,market,trade,TESTE,99952.80135536983,49,,,,ITAU,ITAU,,,
2026-03-17T17:56:14.328Z,market,trade,TESTE,99939.00893073309,23,,,,XP,CITI,,,
2026-03-17T17:56:14.481Z,market,trade,TESTE,99941.05202932343,91,,,,CITI,MS,,,
2026-03-17T17:56:14.638Z,market,trade,TESTE,99946.64948088702,140,,,,UBS,GOLDM,,,
2026-03-17T17:56:14.791Z,market,trade,TESTE,99949.62230052585,195,,,,CITI,ITAU,,,
2026-03-17T17:56:14.946Z,market,trade,TESTE,99945.88133908459,38,,,,XP,CS,,,
2026-03-17T17:56:15.103Z,market,trade,TESTE,99941.82274666087,72,,,,CITI,GOLDM,,,
2026-03-17T17:56:15.262Z,market,trade,TESTE,99938.32223303849,137,,,,GOLDM,BTG,,,
2026-03-17T17:56:15.417Z,market,trade,TESTE,99936.14364059184,41,,,,CITI,BTG,,,
2026-03-17T17:56:15.571Z,market,trade,TESTE,99926.65783584425,107,,,,CS,BTG,,,
2026-03-17T17:56:15.728Z,market,trade,TESTE,99938.29684168792,108,,,,UBS,BARCL,,,
2026-03-17T17:56:15.907Z,market,trade,TESTE,99939.47468211273,43,,,,XP,UBS,,,
2026-03-17T17:56:16.063Z,market,trade,TESTE,99938.21840380243,156,,,,BARCL,ITAU,,,
2026-03-17T17:56:16.220Z,market,trade,TESTE,99933.02608342074,28,,,,JPM,XP,,,
2026-03-17T17:56:16.381Z,market,trade,TESTE,99929.99097651223,75,,,,GOLDM,JPM,,,
2026-03-17T17:56:16.545Z,market,trade,TESTE,99932.81914558598,179,,,,BTG,BARCL,,,
2026-03-17T17:56:16.701Z,market,trade,TESTE,99934.7352037968,36,,,,CS,BTG,,,
2026-03-17T17:56:16.854Z,market,trade,TESTE,99947.55236023471,73,,,,ITAU,BARCL,,,
2026-03-17T17:56:17.013Z,market,trade,TESTE,99946.79568640451,107,,,,JPM,UBS,,,
2026-03-17T17:56:17.164Z,market,trade,TESTE,99941.66022912033,103,,,,ITAU,CITI,,,
2026-03-17T17:56:17.320Z,market,trade,TESTE,99946.86739508978,151,,,,ITAU,XP,,,
2026-03-17T17:56:17.478Z,market,trade,TESTE,99946.90248919358,12,,,,CITI,CS,,,
2026-03-17T17:56:17.638Z,market,trade,TESTE,99939.58388284694,194,,,,CITI,CS,,,
2026-03-17T17:56:17.794Z,market,trade,TESTE,99937.4139272754,135,,,,CITI,ITAU,,,
2026-03-17T17:56:17.950Z,market,trade,TESTE,99950.86398734432,5,,,,CITI,GOLDM,,,
2026-03-17T17:56:18.107Z,market,trade,TESTE,99943.81092233444,143,,,,CITI,ITAU,,,
2026-03-17T17:56:18.267Z,market,trade,TESTE,99949.36462547691,52,,,,UBS,CS,,,
2026-03-17T17:56:18.420Z,market,trade,TESTE,99945.78778172212,177,,,,MS,XP,,,
2026-03-17T17:56:18.576Z,market,trade,TESTE,99936.48617356941,75,,,,BARCL,ITAU,,,
2026-03-17T17:56:18.733Z,market,trade,TESTE,99933.04336519178,51,,,,BTG,BTG,,,
2026-03-17T17:56:18.890Z,market,trade,TESTE,99938.80006318056,189,,,,BARCL,MS,,,
2026-03-17T17:56:19.046Z,market,trade,TESTE,99930.06888882206,79,,,,BTG,BTG,,,
2026-03-17T17:56:19.202Z,market,trade,TESTE,99926.46412957429,130,,,,UBS,GOLDM,,,
2026-03-17T17:56:19.358Z,market,trade,TESTE,99921.81675293169,118,,,,BTG,BARCL,,,
2026-03-17T17:56:19.516Z,market,trade,TESTE,99934.45757130184,22,,,,JPM,JPM,,,
2026-03-17T17:56:19.673Z,market,trade,TESTE,99923.34153960827,197,,,,CITI,ITAU,,,
2026-03-17T17:56:19.831Z,market,trade,TESTE,99920.29791113656,159,,,,BARCL,CITI,,,
2026-03-17T17:56:19.985Z,market,trade,TESTE,99929.47939145903,152,,,,GOLDM,MS,,,
2026-03-17T17:56:20.143Z,market,trade,TESTE,99916.78637239401,63,,,,JPM,XP,,,
2026-03-17T17:56:20.303Z,market,trade,TESTE,99928.39343582185,97,,,,ITAU,JPM,,,
2026-03-17T17:56:20.454Z,market,trade,TESTE,99931.36548430413,44,,,,MS,UBS,,,
2026-03-17T17:56:20.608Z,market,trade,TESTE,99924.12178582174,45,,,,UBS,GOLDM,,,
2026-03-17T17:56:20.765Z,market,trade,TESTE,99919.95474357036,122,,,,CITI,UBS,,,
2026-03-17T17:56:20.920Z,market,trade,TESTE,99924.49366022297,71,,,,MS,UBS,,,
2026-03-17T17:56:21.077Z,market,trade,TESTE,99927.98480596367,186,,,,BTG,CS,,,
2026-03-17T17:56:21.241Z,market,trade,TESTE,99941.7791586939,12,,,,BARCL,UBS,,,
2026-03-17T17:56:21.407Z,market,trade,TESTE,99934.71737691705,76,,,,XP,CS,,,
2026-03-17T17:56:21.561Z,market,trade,TESTE,99936.88831757658,181,,,,CS,CITI,,,
2026-03-17T17:56:21.716Z,market,trade,TESTE,99932.74284106384,108,,,,GOLDM,BTG,,,
2026-03-17T17:56:21.871Z,market,trade,TESTE,99934.09964294334,87,,,,ITAU,XP,,,
2026-03-17T17:56:22.028Z,market,trade,TESTE,99941.71708478245,25,,,,UBS,CS,,,
2026-03-17T17:56:22.185Z,market,trade,TESTE,99944.12982301478,144,,,,XP,UBS,,,
2026-03-17T17:56:22.340Z,market,trade,TESTE,99930.91515335532,140,,,,CS,BARCL,,,
2026-03-17T17:56:22.497Z,market,trade,TESTE,99945.72648042328,45,,,,UBS,BTG,,,
2026-03-17T17:56:22.653Z,market,trade,TESTE,99935.86102366,139,,,,JPM,JPM,,,
2026-03-17T17:56:22.811Z,market,trade,TESTE,99949.47066077455,92,,,,CS,BARCL,,,
2026-03-17T17:56:22.964Z,market,trade,TESTE,99943.11806467388,45,,,,BARCL,CITI,,,
2026-03-17T17:56:23.122Z,market,trade,TESTE,99957.99382580526,146,,,,MS,GOLDM,,,
2026-03-17T17:56:23.278Z,market,trade,TESTE,99944.23693425341,113,,,,BARCL,UBS,,,
2026-03-17T17:56:23.435Z,market,trade,TESTE,99944.25730960256,78,,,,CS,XP,,,
2026-03-17T17:56:23.589Z,market,trade,TESTE,99952.68748541646,76,,,,MS,UBS,,,
2026-03-17T17:56:23.746Z,market,trade,TESTE,99952.40311370786,36,,,,GOLDM,MS,,,
2026-03-17T17:56:23.901Z,market,trade,TESTE,99950.38326529233,37,,,,CITI,CS,,,
2026-03-17T17:56:24.058Z,market,trade,TESTE,99939.87480581968,132,,,,BARCL,GOLDM,,,
2026-03-17T17:56:24.212Z,market,trade,TESTE,99952.26677289722,43,,,,BTG,BARCL,,,
2026-03-17T17:56:24.369Z,market,trade,TESTE,99953.58002619358,42,,,,CITI,BARCL,,,
2026-03-17T17:56:24.526Z,market,trade,TESTE,99956.29540878133,30,,,,UBS,BARCL,,,
2026-03-17T17:56:24.683Z,market,trade,TESTE,99959.12395999521,129,,,,JPM,ITAU,,,
2026-03-17T17:56:24.837Z,market,trade,TESTE,99945.0027215104,69,,,,UBS,MS,,,
2026-03-17T17:56:24.995Z,market,trade,TESTE,99946.73618249806,108,,,,JPM,CITI,,,
2026-03-17T17:56:25.150Z,market,trade,TESTE,99954.14433487588,127,,,,UBS,MS,,,
2026-03-17T17:56:25.308Z,market,trade,TESTE,99948.18072398166,67,,,,GOLDM,MS,,,
2026-03-17T17:56:25.462Z,market,trade,TESTE,99946.96245906957,197,,,,GOLDM,CITI,,,
2026-03-17T17:56:25.618Z,market,trade,TESTE,99951.17477100069,20,,,,CS,GOLDM,,,
2026-03-17T17:56:25.774Z,market,trade,TESTE,99953.43990704879,141,,,,JPM,XP,,,
2026-03-17T17:56:25.930Z,market,trade,TESTE,99952.33423705911,149,,,,CITI,UBS,,,
2026-03-17T17:56:26.085Z,market,trade,TESTE,99959.49479173926,78,,,,UBS,CITI,,,
2026-03-17T17:56:26.244Z,market,trade,TESTE,99962.1351163306,15,,,,XP,XP,,,
2026-03-17T17:56:26.400Z,market,trade,TESTE,99958.29971212822,148,,,,CITI,BARCL,,,
2026-03-17T17:56:26.558Z,market,trade,TESTE,99953.90468868223,150,,,,ITAU,CS,,,
2026-03-17T17:56:26.712Z,market,trade,TESTE,99955.71713376125,106,,,,UBS,GOLDM,,,
2026-03-17T17:56:26.866Z,market,trade,TESTE,99958.97421745275,74,,,,ITAU,JPM,,,
2026-03-17T17:56:27.024Z,market,trade,TESTE,99952.1038382948,113,,,,UBS,UBS,,,
2026-03-17T17:56:27.179Z,market,trade,TESTE,99960.02757372207,196,,,,MS,MS,,,
2026-03-17T17:56:27.336Z,market,trade,TESTE,99962.69626689763,13,,,,BARCL,BTG,,,
2026-03-17T17:56:27.492Z,market,trade,TESTE,99957.50516620114,198,,,,BARCL,BTG,,,
2026-03-17T17:56:27.651Z,market,trade,TESTE,99956.82361437839,32,,,,XP,UBS,,,
2026-03-17T17:56:27.808Z,market,trade,TESTE,99967.22517542921,128,,,,UBS,CITI,,,
2026-03-17T17:56:27.963Z,market,trade,TESTE,99966.44281130238,114,,,,ITAU,UBS,,,
2026-03-17T17:56:28.122Z,market,trade,TESTE,99958.6263839092,36,,,,BARCL,CS,,,
2026-03-17T17:56:28.279Z,market,trade,TESTE,99954.84616571704,200,,,,GOLDM,MS,,,
2026-03-17T17:56:28.436Z,market,trade,TESTE,99964.35897944175,93,,,,BTG,CS,,,
2026-03-17T17:56:28.594Z,market,trade,TESTE,99950.99672929077,13,,,,XP,CITI,,,
2026-03-17T17:56:28.750Z,market,trade,TESTE,99948.03795551881,6,,,,MS,UBS,,,
2026-03-17T17:56:28.906Z,market,trade,TESTE,99954.90260200568,186,,,,XP,GOLDM,,,
2026-03-17T17:56:29.064Z,market,trade,TESTE,99944.14243457293,14,,,,CITI,BTG,,,
2026-03-17T17:56:29.219Z,market,trade,TESTE,99952.99543176856,37,,,,BTG,CS,,,
2026-03-17T17:56:29.375Z,market,trade,TESTE,99944.82996363785,28,,,,UBS,XP,,,
2026-03-17T17:56:29.530Z,market,trade,TESTE,99945.60251639345,61,,,,BARCL,XP,,,
2026-03-17T17:56:29.686Z,market,trade,TESTE,99948.36146822713,53,,,,CS,XP,,,
2026-03-17T17:56:29.843Z,market,trade,TESTE,99963.21333499483,90,,,,BTG,BTG,,,
2026-03-17T17:56:30.000Z,market,trade,TESTE,99963.64301234364,141,,,,BTG,MS,,,
2026-03-17T17:56:30.154Z,market,trade,TESTE,99959.49693264705,123,,,,BARCL,XP,,,
2026-03-17T17:56:30.310Z,market,trade,TESTE,99953.08250520176,72,,,,MS,ITAU,,,
2026-03-17T17:56:30.466Z,market,trade,TESTE,99960.3992817832,9,,,,ITAU,BTG,,,
2026-03-17T17:56:30.619Z,market,trade,TESTE,99950.61411841592,94,,,,UBS,BARCL,,,
2026-03-17T17:56:30.774Z,market,trade,TESTE,99955.26768280215,16,,,,BARCL,ITAU,,,
2026-03-17T17:56:30.930Z,market,trade,TESTE,99952.55675621041,193,,,,BTG,CITI,,,
2026-03-17T17:56:31.086Z,market,trade,TESTE,99954.91972457885,116,,,,MS,CS,,,
2026-03-17T17:56:31.241Z,market,trade,TESTE,99962.28906223274,81,,,,JPM,ITAU,,,
2026-03-17T17:56:31.396Z,market,trade,TESTE,99949.73070434193,54,,,,ITAU,BARCL,,,
2026-03-17T17:56:31.550Z,market,trade,TESTE,99953.04458614299,78,,,,BTG,BTG,,,
2026-03-17T17:56:31.707Z,market,trade,TESTE,99962.33568955699,171,,,,XP,CS,,,
2026-03-17T17:56:31.863Z,market,trade,TESTE,99966.64237177646,116,,,,JPM,BTG,,,
2026-03-17T17:56:32.021Z,market,trade,TESTE,99959.43984871416,96,,,,CITI,CITI,,,
2026-03-17T17:56:32.179Z,market,trade,TESTE,99962.34604667187,114,,,,MS,BARCL,,,
2026-03-17T17:56:32.339Z,market,trade,TESTE,99974.28493718278,6,,,,BTG,BARCL,,,
2026-03-17T17:56:32.494Z,market,trade,TESTE,99974.58807536414,124,,,,CITI,GOLDM,,,
2026-03-17T17:56:32.650Z,market,trade,TESTE,99974.39694072973,135,,,,BARCL,CS,,,
2026-03-17T17:56:32.804Z,market,trade,TESTE,99967.78972655494,15,,,,UBS,GOLDM,,,
2026-03-17T17:56:32.960Z,market,trade,TESTE,99980.14822023334,43,,,,JPM,BARCL,,,
2026-03-17T17:56:33.118Z,market,trade,TESTE,99970.80045271371,40,,,,MS,CITI,,,
2026-03-17T17:56:33.269Z,market,trade,TESTE,99971.67219127284,135,,,,GOLDM,UBS,,,
2026-03-17T17:56:33.430Z,market,trade,TESTE,99978.99395427277,41,,,,UBS,JPM,,,
2026-03-17T17:56:33.589Z,market,trade,TESTE,99982.3741696957,23,,,,ITAU,MS,,,
2026-03-17T17:56:33.746Z,market,trade,TESTE,99970.39745032505,182,,,,CS,MS,,,
2026-03-17T17:56:33.900Z,market,trade,TESTE,99970.35988053157,39,,,,BARCL,MS,,,
2026-03-17T17:56:34.061Z,market,trade,TESTE,99971.32629072222,177,,,,GOLDM,UBS,,,
2026-03-17T17:56:34.216Z,market,trade,TESTE,99984.28102191616,117,,,,MS,BARCL,,,
2026-03-17T17:56:34.374Z,market,trade,TESTE,99987.6635548466,12,,,,UBS,XP,,,
2026-03-17T17:56:34.529Z,market,trade,TESTE,99974.17602973917,85,,,,XP,MS,,,
2026-03-17T17:56:34.683Z,market,trade,TESTE,99984.22693655416,88,,,,GOLDM,BTG,,,
2026-03-17T17:56:34.837Z,market,trade,TESTE,99969.30647285609,164,,,,UBS,ITAU,,,
2026-03-17T17:56:34.993Z,market,trade,TESTE,99968.08255557084,29,,,,ITAU,BTG,,,
2026-03-17T17:56:35.147Z,market,trade,TESTE,99972.58505225812,71,,,,MS,BARCL,,,
2026-03-17T17:56:35.301Z,market,trade,TESTE,99983.73068132541,130,,,,JPM,JPM,,,
2026-03-17T17:56:35.456Z,market,trade,TESTE,99987.51264224076,132,,,,CITI,CITI,,,
2026-03-17T17:56:35.615Z,market,trade,TESTE,99978.63521516859,62,,,,GOLDM,MS,,,
2026-03-17T17:56:35.773Z,market,trade,TESTE,99987.89347160819,197,,,,MS,JPM,,,
2026-03-17T17:56:35.926Z,market,trade,TESTE,99974.9338441904,129,,,,CITI,BARCL,,,
2026-03-17T17:56:36.084Z,market,trade,TESTE,99975.52724492559,28,,,,XP,CITI,,,
2026-03-17T17:56:36.236Z,market,trade,TESTE,99974.77360290934,80,,,,JPM,MS,,,
2026-03-17T17:56:36.395Z,market,trade,TESTE,99975.319665518,6,,,,CS,JPM,,,
2026-03-17T17:56:36.550Z,market,trade,TESTE,99989.97728683802,62,,,,JPM,JPM,,,
2026-03-17T17:56:36.708Z,market,trade,TESTE,99978.30568059292,166,,,,GOLDM,UBS,,,
2026-03-17T17:56:36.866Z,market,trade,TESTE,99976.26962778643,98,,,,UBS,JPM,,,
2026-03-17T17:56:37.023Z,market,trade,TESTE,99980.51778193594,100,,,,GOLDM,ITAU,,,
2026-03-17T17:56:37.180Z,market,trade,TESTE,99976.80687144495,102,,,,MS,UBS,,,
2026-03-17T17:56:37.336Z,market,trade,TESTE,99984.3137858509,17,,,,BARCL,GOLDM,,,
2026-03-17T17:56:37.492Z,market,trade,TESTE,99980.28418906145,176,,,,CS,MS,,,
2026-03-17T17:56:37.650Z,market,trade,TESTE,99980.996705156,106,,,,BTG,BARCL,,,
2026-03-17T17:56:37.803Z,market,trade,TESTE,99980.44329510508,186,,,,GOLDM,BARCL,,,
2026-03-17T17:56:37.958Z,market,trade,TESTE,99966.92132903727,44,,,,MS,ITAU,,,
2026-03-17T17:56:38.115Z,market,trade,TESTE,99966.94008971319,127,,,,GOLDM,GOLDM,,,
2026-03-17T17:56:38.268Z,market,trade,TESTE,99964.7014382348,27,,,,CS,BTG,,,
2026-03-17T17:56:38.426Z,market,trade,TESTE,99977.83360836054,74,,,,GOLDM,CS,,,
2026-03-17T17:56:38.586Z,market,trade,TESTE,99970.28334901233,171,,,,BARCL,UBS,,,
2026-03-17T17:56:38.740Z,market,trade,TESTE,99976.67052794187,129,,,,GOLDM,BTG,,,
2026-03-17T17:56:38.897Z,market,trade,TESTE,99977.58481356983,14,,,,MS,BTG,,,
2026-03-17T17:56:39.051Z,market,trade,TESTE,99978.58242756058,141,,,,UBS,JPM,,,
2026-03-17T17:56:39.210Z,market,trade,TESTE,99972.28560160402,178,,,,MS,MS,,,
2026-03-17T17:56:39.367Z,market,trade,TESTE,99982.47112074455,61,,,,BARCL,GOLDM,,,
2026-03-17T17:56:39.522Z,market,trade,TESTE,99985.98663395918,51,,,,JPM,BTG,,,
2026-03-17T17:56:39.682Z,market,trade,TESTE,99979.25623156638,45,,,,XP,XP,,,
2026-03-17T17:56:39.838Z,market,trade,TESTE,99985.70771065104,69,,,,XP,ITAU,,,
2026-03-17T17:56:39.993Z,market,trade,TESTE,99973.34738067105,147,,,,CITI,JPM,,,
2026-03-17T17:56:40.150Z,market,trade,TESTE,99969.99432246824,169,,,,UBS,MS,,,
2026-03-17T17:56:40.306Z,market,trade,TESTE,99979.6092342008,116,,,,ITAU,XP,,,
2026-03-17T17:56:40.471Z,market,trade,TESTE,99974.60017968678,62,,,,JPM,MS,,,
2026-03-17T17:56:40.624Z,market,trade,TESTE,99971.90584509798,66,,,,XP,GOLDM,,,
2026-03-17T17:56:40.778Z,market,trade,TESTE,99969.177300422,161,,,,JPM,MS,,,
2026-03-17T17:56:40.934Z,market,trade,TESTE,99978.47543098032,105,,,,JPM,GOLDM,,,
2026-03-17T17:56:41.088Z,market,trade,TESTE,99966.00247552579,117,,,,GOLDM,XP,,,
2026-03-17T17:56:41.244Z,market,trade,TESTE,99969.8029557095,158,,,,CS,UBS,,,
2026-03-17T17:56:41.405Z,market,trade,TESTE,99981.65196169127,87,,,,CITI,UBS,,,
2026-03-17T17:56:41.561Z,market,trade,TESTE,99980.17650978122,63,,,,XP,XP,,,
2026-03-17T17:56:41.717Z,market,trade,TESTE,99969.80300309845,79,,,,JPM,UBS,,,
2026-03-17T17:56:41.873Z,market,trade,TESTE,99971.48084502039,5,,,,UBS,UBS,,,
2026-03-17T17:56:42.029Z,market,trade,TESTE,99967.3930505052,84,,,,XP,ITAU,,,
2026-03-17T17:56:42.186Z,market,trade,TESTE,99981.7752247171,47,,,,CS,BTG,,,
2026-03-17T17:56:42.346Z,market,trade,TESTE,99969.1661450659,36,,,,UBS,CS,,,
2026-03-17T17:56:42.502Z,market,trade,TESTE,99968.37479674228,111,,,,UBS,BTG,,,
2026-03-17T17:56:42.660Z,market,trade,TESTE,99977.93279927326,37,,,,ITAU,CS,,,
2026-03-17T17:56:42.815Z,market,trade,TESTE,99973.06396907363,189,,,,ITAU,BARCL,,,
2026-03-17T17:56:42.970Z,market,trade,TESTE,99977.17958184921,147,,,,BTG,XP,,,
2026-03-17T17:56:43.125Z,market,trade,TESTE,99981.36321514935,151,,,,UBS,JPM,,,
2026-03-17T17:56:43.285Z,market,trade,TESTE,99968.76742166467,112,,,,CITI,BTG,,,
2026-03-17T17:56:43.440Z,market,trade,TESTE,99977.28887286007,32,,,,JPM,MS,,,
2026-03-17T17:56:43.597Z,market,trade,TESTE,99980.55851486092,146,,,,BARCL,GOLDM,,,
2026-03-17T17:56:43.750Z,market,trade,TESTE,99966.56517206131,30,,,,UBS,MS,,,
2026-03-17T17:56:43.906Z,market,trade,TESTE,99973.54984318053,92,,,,UBS,ITAU,,,
2026-03-17T17:56:44.064Z,market,trade,TESTE,99969.83107272224,25,,,,GOLDM,CITI,,,
2026-03-17T17:56:44.229Z,market,trade,TESTE,99970.51037904083,77,,,,GOLDM,GOLDM,,,
2026-03-17T17:56:44.391Z,market,trade,TESTE,99962.6241524784,46,,,,JPM,MS,,,
2026-03-17T17:56:44.547Z,market,trade,TESTE,99970.65831311351,24,,,,XP,BARCL,,,
2026-03-17T17:56:44.704Z,market,trade,TESTE,99969.42767903648,140,,,,CITI,CS,,,
2026-03-17T17:56:44.860Z,market,trade,TESTE,99959.33598709383,194,,,,BTG,BTG,,,
2026-03-17T17:56:45.014Z,market,trade,TESTE,99968.64527832404,155,,,,JPM,GOLDM,,,
2026-03-17T17:56:45.170Z,market,trade,TESTE,99971.04425509126,198,,,,CS,UBS,,,
2026-03-17T17:56:45.328Z,market,trade,TESTE,99958.72986639969,64,,,,CS,XP,,,
2026-03-17T17:56:45.483Z,market,trade,TESTE,99967.81691132905,148,,,,MS,ITAU,,,
2026-03-17T17:56:45.638Z,market,trade,TESTE,99957.69852861944,105,,,,BARCL,UBS,,,
2026-03-17T17:56:45.791Z,market,trade,TESTE,99955.01670721162,189,,,,ITAU,MS,,,
2026-03-17T17:56:45.948Z,market,trade,TESTE,99954.55215441137,78,,,,UBS,ITAU,,,
2026-03-17T17:56:46.105Z,market,trade,TESTE,99962.0219952159,11,,,,CITI,BTG,,,
2026-03-17T17:56:46.263Z,market,trade,TESTE,99950.68253769515,200,,,,GOLDM,CS,,,
2026-03-17T17:56:46.420Z,market,trade,TESTE,99948.4061446347,32,,,,ITAU,XP,,,
2026-03-17T17:56:46.577Z,market,trade,TESTE,99954.35550150627,122,,,,CS,CITI,,,
2026-03-17T17:56:46.732Z,market,trade,TESTE,99949.30996372511,186,,,,UBS,UBS,,,
2026-03-17T17:56:46.887Z,market,trade,TESTE,99945.41602083393,119,,,,MS,BTG,,,
2026-03-17T17:56:47.043Z,market,trade,TESTE,99959.96588171284,178,,,,GOLDM,GOLDM,,,
2026-03-17T17:56:47.200Z,market,trade,TESTE,99962.85801850626,44,,,,BARCL,BTG,,,
2026-03-17T17:56:47.354Z,market,trade,TESTE,99961.56972562431,9,,,,BTG,BARCL,,,
2026-03-17T17:56:47.511Z,market,trade,TESTE,99960.22111682652,106,,,,UBS,XP,,,
2026-03-17T17:56:47.668Z,market,trade,TESTE,99956.39057588344,26,,,,UBS,MS,,,
2026-03-17T17:56:47.824Z,market,trade,TESTE,99949.29584942959,156,,,,GOLDM,BARCL,,,
2026-03-17T17:56:47.980Z,market,trade,TESTE,99957.21209336973,177,,,,UBS,XP,,,
2026-03-17T17:56:48.136Z,market,trade,TESTE,99961.10260384073,142,,,,BARCL,ITAU,,,
2026-03-17T17:56:48.291Z,market,trade,TESTE,99965.45853278441,122,,,,XP,GOLDM,,,
2026-03-17T17:56:48.449Z,market,trade,TESTE,99960.21507357263,181,,,,XP,BARCL,,,
2026-03-17T17:56:48.607Z,market,trade,TESTE,99971.58088027225,20,,,,ITAU,ITAU,,,
2026-03-17T17:56:48.764Z,market,trade,TESTE,99971.05432871084,84,,,,CS,CITI,,,
2026-03-17T17:56:48.921Z,market,trade,TESTE,99958.58332237098,111,,,,CITI,CITI,,,
2026-03-17T17:56:49.076Z,market,trade,TESTE,99966.43782419314,91,,,,ITAU,ITAU,,,
2026-03-17T17:56:49.231Z,market,trade,TESTE,99961.77524867168,80,,,,BARCL,ITAU,,,
2026-03-17T17:56:49.388Z,market,trade,TESTE,99955.14017166731,197,,,,XP,XP,,,
2026-03-17T17:56:49.546Z,market,trade,TESTE,99962.9570158296,122,,,,BTG,CS,,,
2026-03-17T17:56:49.702Z,market,trade,TESTE,99954.43705789048,46,,,,JPM,JPM,,,
2026-03-17T17:56:49.858Z,market,trade,TESTE,99963.58389710898,141,,,,JPM,XP,,,
2026-03-17T17:56:50.016Z,market,trade,TESTE,99950.56945875532,31,,,,BTG,BARCL,,,
2026-03-17T17:56:50.174Z,market,trade,TESTE,99964.07117707079,197,,,,JPM,UBS,,,
2026-03-17T17:56:50.330Z,market,trade,TESTE,99949.21071176714,180,,,,BARCL,BARCL,,,
2026-03-17T17:56:50.494Z,market,trade,TESTE,99947.7341968779,125,,,,GOLDM,BTG,,,
2026-03-17T17:56:50.654Z,market,trade,TESTE,99956.0242594935,12,,,,BTG,GOLDM,,,
2026-03-17T17:56:50.812Z,market,trade,TESTE,99944.08318533679,13,,,,XP,CITI,,,
2026-03-17T17:56:50.968Z,market,trade,TESTE,99957.17101837973,26,,,,CS,BTG,,,
2026-03-17T17:56:51.124Z,market,trade,TESTE,99959.31185510986,151,,,,BTG,XP,,,
2026-03-17T17:56:51.279Z,market,trade,TESTE,99959.15195411083,32,,,,CITI,BARCL,,,
2026-03-17T17:56:51.435Z,market,trade,TESTE,99947.31089737698,143,,,,GOLDM,CITI,,,
2026-03-17T17:56:51.592Z,market,trade,TESTE,99943.76369843983,7,,,,BTG,JPM,,,
2026-03-17T17:56:51.757Z,market,trade,TESTE,99958.57377751828,128,,,,BARCL,UBS,,,
2026-03-17T17:56:51.916Z,market,trade,TESTE,99946.70436935856,122,,,,JPM,CS,,,
2026-03-17T17:56:52.073Z,market,trade,TESTE,99954.35105444715,7,,,,BARCL,CS,,,
2026-03-17T17:56:52.231Z,market,trade,TESTE,99952.51085001473,125,,,,GOLDM,CS,,,
2026-03-17T17:56:52.388Z,market,trade,TESTE,99955.93315972871,166,,,,GOLDM,XP,,,
2026-03-17T17:56:52.551Z,market,trade,TESTE,99947.97936336027,42,,,,GOLDM,XP,,,
2026-03-17T17:56:52.704Z,market,trade,TESTE,99961.81856295695,80,,,,BTG,ITAU,,,
2026-03-17T17:56:52.867Z,market,trade,TESTE,99954.63401265588,120,,,,XP,XP,,,
2026-03-17T17:56:53.025Z,market,trade,TESTE,99961.9924200544,113,,,,UBS,JPM,,,
2026-03-17T17:56:53.182Z,market,trade,TESTE,99952.63100209185,173,,,,ITAU,MS,,,
2026-03-17T17:56:53.347Z,market,trade,TESTE,99956.27981422315,55,,,,GOLDM,JPM,,,
2026-03-17T17:56:53.510Z,market,trade,TESTE,99954.6795038548,110,,,,BARCL,BARCL,,,
2026-03-17T17:56:53.667Z,market,trade,TESTE,99950.12499798131,118,,,,XP,XP,,,
2026-03-17T17:56:53.827Z,market,trade,TESTE,99949.16484742438,22,,,,UBS,MS,,,
2026-03-17T17:56:53.983Z,market,trade,TESTE,99948.66188414532,170,,,,UBS,GOLDM,,,
2026-03-17T17:56:54.145Z,market,trade,TESTE,99953.88530214332,65,,,,BARCL,XP,,,
2026-03-17T17:56:54.298Z,market,trade,TESTE,99958.27932430929,109,,,,JPM,CS,,,
2026-03-17T17:56:54.455Z,market,trade,TESTE,99959.00427082492,117,,,,UBS,CITI,,,
2026-03-17T17:56:54.613Z,market,trade,TESTE,99953.01400587827,199,,,,UBS,BTG,,,
2026-03-17T17:56:54.769Z,market,trade,TESTE,99959.62404926807,95,,,,BARCL,CS,,,
2026-03-17T17:56:54.930Z,market,trade,TESTE,99950.94461139986,94,,,,UBS,CITI,,,
2026-03-17T17:56:55.090Z,market,trade,TESTE,99953.70318999555,129,,,,BTG,CS,,,
2026-03-17T17:56:55.244Z,market,trade,TESTE,99962.3329262349,19,,,,UBS,JPM,,,
2026-03-17T17:56:55.396Z,market,trade,TESTE,99952.33325458076,128,,,,ITAU,ITAU,,,
2026-03-17T17:56:55.550Z,market,trade,TESTE,99967.3036013249,71,,,,CITI,MS,,,
2026-03-17T17:56:55.711Z,market,trade,TESTE,99967.7020474679,81,,,,JPM,JPM,,,
2026-03-17T17:56:55.865Z,market,trade,TESTE,99967.61582195373,131,,,,CS,BARCL,,,
2026-03-17T17:56:56.030Z,market,trade,TESTE,99961.62182055543,84,,,,GOLDM,GOLDM,,,
2026-03-17T17:56:56.195Z,market,trade,TESTE,99961.67910192485,128,,,,UBS,ITAU,,,
2026-03-17T17:56:56.352Z,market,trade,TESTE,99973.39252032377,195,,,,JPM,CITI,,,
2026-03-17T17:56:56.508Z,market,trade,TESTE,99969.6620183217,135,,,,BTG,ITAU,,,
2026-03-17T17:56:56.663Z,market,trade,TESTE,99967.08297618241,11,,,,CS,XP,,,
2026-03-17T17:56:56.822Z,market,trade,TESTE,99963.22300252758,44,,,,GOLDM,CITI,,,
2026-03-17T17:56:56.975Z,market,trade,TESTE,99951.58488474616,58,,,,CS,BTG,,,
2026-03-17T17:56:57.129Z,market,trade,TESTE,99955.04880127794,13,,,,BTG,CS,,,
2026-03-17T17:56:57.283Z,market,trade,TESTE,99953.31844146088,36,,,,BARCL,BARCL,,,
2026-03-17T17:56:57.444Z,market,trade,TESTE,99951.97660937758,114,,,,BTG,CS,,,
2026-03-17T17:56:57.596Z,market,trade,TESTE,99959.39821479033,186,,,,CITI,CITI,,,
2026-03-17T17:56:57.749Z,market,trade,TESTE,99952.39135897721,175,,,,MS,MS,,,
2026-03-17T17:56:57.904Z,market,trade,TESTE,99957.26472498187,5,,,,CITI,MS,,,
2026-03-17T17:56:58.067Z,market,trade,TESTE,99956.57444322006,84,,,,BARCL,MS,,,
2026-03-17T17:56:58.233Z,market,trade,TESTE,99970.21660259181,151,,,,GOLDM,BTG,,,
2026-03-17T17:56:58.399Z,market,trade,TESTE,99965.52765951942,35,,,,GOLDM,MS,,,
2026-03-17T17:56:58.555Z,market,trade,TESTE,99951.68239521928,111,,,,ITAU,XP,,,
2026-03-17T17:56:58.715Z,market,trade,TESTE,99960.60241556096,27,,,,CS,GOLDM,,,
2026-03-17T17:56:58.876Z,market,trade,TESTE,99959.52175797833,70,,,,CITI,XP,,,
2026-03-17T17:56:59.036Z,market,trade,TESTE,99947.41800433488,193,,,,BARCL,GOLDM,,,
2026-03-17T17:56:59.199Z,market,trade,TESTE,99959.9237945177,77,,,,XP,BTG,,,
2026-03-17T17:56:59.361Z,market,trade,TESTE,99947.62805478486,25,,,,GOLDM,MS,,,
2026-03-17T17:56:59.516Z,market,trade,TESTE,99950.8628359924,127,,,,CITI,MS,,,
2026-03-17T17:56:59.683Z,market,trade,TESTE,99946.17412885648,123,,,,UBS,MS,,,
2026-03-17T17:56:59.846Z,market,trade,TESTE,99945.22940012351,140,,,,UBS,BTG,,,
2026-03-17T17:57:00.000Z,market,trade,TESTE,99952.51686550192,169,,,,UBS,BTG,,,
2026-03-17T17:57:00.152Z,market,trade,TESTE,99952.58305329528,169,,,,ITAU,ITAU,,,
2026-03-17T17:57:00.308Z,market,trade,TESTE,99949.9165838256,5,,,,XP,UBS,,,
2026-03-17T17:57:00.470Z,market,trade,TESTE,99943.15893051821,8,,,,BTG,ITAU,,,
2026-03-17T17:57:00.620Z,market,trade,TESTE,99957.81207114721,149,,,,ITAU,GOLDM,,,
2026-03-17T17:57:00.780Z,market,trade,TESTE,99947.40135622204,29,,,,JPM,UBS,,,
2026-03-17T17:57:00.935Z,market,trade,TESTE,99961.44155609043,85,,,,BARCL,UBS,,,
2026-03-17T17:57:01.088Z,market,trade,TESTE,99963.35581745837,199,,,,XP,GOLDM,,,
2026-03-17T17:57:01.252Z,market,trade,TESTE,99954.39102335973,139,,,,UBS,BARCL,,,
2026-03-17T17:57:01.418Z,market,trade,TESTE,99966.95152115638,56,,,,XP,CS,,,
2026-03-17T17:57:01.575Z,market,trade,TESTE,99963.84348174845,40,,,,MS,GOLDM,,,
2026-03-17T17:57:01.743Z,market,trade,TESTE,99964.5234679099,183,,,,UBS,CITI,,,
2026-03-17T17:57:01.902Z,market,trade,TESTE,99951.9516022441,170,,,,BTG,MS,,,
2026-03-17T17:57:02.062Z,market,trade,TESTE,99959.88302487484,136,,,,CS,XP,,,
2026-03-17T17:57:02.219Z,market,trade,TESTE,99952.93286753343,36,,,,ITAU,CITI,,,
2026-03-17T17:57:02.374Z,market,trade,TESTE,99948.44731141068,48,,,,XP,MS,,,
2026-03-17T17:57:02.530Z,market,trade,TESTE,99957.07858271693,126,,,,BTG,GOLDM,,,
2026-03-17T17:57:02.689Z,market,trade,TESTE,99948.65800933451,180,,,,BTG,MS,,,
2026-03-17T17:57:02.841Z,market,trade,TESTE,99946.38013181667,72,,,,BARCL,XP,,,
2026-03-17T17:57:03.001Z,market,trade,TESTE,99943.57645926545,161,,,,XP,BARCL,,,
2026-03-17T17:57:03.152Z,market,trade,TESTE,99945.6128860511,170,,,,CITI,ITAU,,,
2026-03-17T17:57:03.306Z,market,trade,TESTE,99953.15537718471,145,,,,GOLDM,MS,,,
2026-03-17T17:57:03.470Z,market,trade,TESTE,99938.59412781749,71,,,,GOLDM,CS,,,
2026-03-17T17:57:03.633Z,market,trade,TESTE,99938.05645183638,45,,,,BARCL,JPM,,,
2026-03-17T17:57:03.792Z,market,trade,TESTE,99948.21880337113,17,,,,UBS,CS,,,
2026-03-17T17:57:03.946Z,market,trade,TESTE,99952.4859959889,117,,,,CS,BARCL,,,
2026-03-17T17:57:04.101Z,market,trade,TESTE,99939.09422256508,74,,,,JPM,ITAU,,,
2026-03-17T17:57:04.268Z,market,trade,TESTE,99939.93460574046,87,,,,BARCL,JPM,,,
2026-03-17T17:57:04.441Z,market,trade,TESTE,99942.83050869356,79,,,,BTG,XP,,,
2026-03-17T17:57:04.610Z,market,trade,TESTE,99942.75148909801,128,,,,GOLDM,ITAU,,,
2026-03-17T17:57:04.788Z,market,trade,TESTE,99955.13545487224,30,,,,CITI,MS,,,
2026-03-17T17:57:04.953Z,market,trade,TESTE,99957.77518165538,120,,,,GOLDM,JPM,,,
2026-03-17T17:57:05.129Z,market,trade,TESTE,99956.60455481157,198,,,,MS,BTG,,,
2026-03-17T17:57:05.290Z,market,trade,TESTE,99955.36985628921,14,,,,MS,XP,,,
2026-03-17T17:57:05.453Z,market,trade,TESTE,99960.02791163124,172,,,,BTG,BTG,,,
2026-03-17T17:57:05.634Z,market,trade,TESTE,99957.32532960613,140,,,,BARCL,ITAU,,,
2026-03-17T17:57:05.795Z,market,trade,TESTE,99946.42713048647,186,,,,GOLDM,UBS,,,
2026-03-17T17:57:05.961Z,market,trade,TESTE,99956.91930780731,118,,,,XP,BARCL,,,
2026-03-17T17:57:06.150Z,market,trade,TESTE,99961.11001258486,135,,,,UBS,ITAU,,,
2026-03-17T17:57:06.346Z,market,trade,TESTE,99951.10090154294,87,,,,XP,CITI,,,
2026-03-17T17:57:06.503Z,market,trade,TESTE,99962.05308373473,141,,,,ITAU,JPM,,,
2026-03-17T17:57:06.661Z,market,trade,TESTE,99962.96634771454,116,,,,UBS,BTG,,,
2026-03-17T17:57:06.831Z,market,trade,TESTE,99959.0375084568,98,,,,MS,ITAU,,,
2026-03-17T17:57:06.991Z,market,trade,TESTE,99957.42382973542,32,,,,CS,GOLDM,,,
2026-03-17T17:57:07.149Z,market,trade,TESTE,99960.91289235157,180,,,,JPM,BTG,,,
2026-03-17T17:57:07.304Z,market,trade,TESTE,99957.06584279292,16,,,,CITI,CS,,,
2026-03-17T17:57:07.469Z,market,trade,TESTE,99946.83530529132,97,,,,CS,CITI,,,
2026-03-17T17:57:07.634Z,market,trade,TESTE,99952.33880758396,182,,,,UBS,ITAU,,,
2026-03-17T17:57:07.801Z,market,trade,TESTE,99938.83297701807,113,,,,ITAU,JPM,,,
2026-03-17T17:57:07.967Z,market,trade,TESTE,99941.36742421171,148,,,,JPM,MS,,,
2026-03-17T17:57:08.139Z,market,trade,TESTE,99949.71559659603,32,,,,ITAU,ITAU,,,
2026-03-17T17:57:08.308Z,market,trade,TESTE,99941.08096065567,130,,,,XP,GOLDM,,,
2026-03-17T17:57:08.477Z,market,trade,TESTE,99940.38146053138,52,,,,BARCL,GOLDM,,,
2026-03-17T17:57:08.633Z,market,trade,TESTE,99954.69249806143,30,,,,UBS,UBS,,,
2026-03-17T17:57:08.801Z,market,trade,TESTE,99954.98091530438,187,,,,ITAU,BARCL,,,
2026-03-17T17:57:08.969Z,market,trade,TESTE,99957.23112363936,45,,,,JPM,BTG,,,
2026-03-17T17:57:09.140Z,market,trade,TESTE,99945.8704390707,69,,,,BTG,ITAU,,,
2026-03-17T17:57:09.304Z,market,trade,TESTE,99942.31445117826,72,,,,MS,BTG,,,
2026-03-17T17:57:09.474Z,market,trade,TESTE,99937.66448447679,7,,,,ITAU,GOLDM,,,
2026-03-17T17:57:09.656Z,market,trade,TESTE,99952.05619822358,98,,,,JPM,BTG,,,
2026-03-17T17:57:09.817Z,market,trade,TESTE,99945.06872738409,16,,,,MS,BARCL,,,
2026-03-17T17:57:09.988Z,market,trade,TESTE,99952.0883401352,53,,,,ITAU,CITI,,,
2026-03-17T17:57:10.158Z,market,trade,TESTE,99948.1849808419,159,,,,XP,BTG,,,
2026-03-17T17:57:10.321Z,market,trade,TESTE,99950.85268788836,60,,,,XP,BTG,,,
2026-03-17T17:57:10.491Z,market,trade,TESTE,99944.87419154402,41,,,,JPM,GOLDM,,,
2026-03-17T17:57:10.659Z,market,trade,TESTE,99947.19489357194,76,,,,JPM,GOLDM,,,
2026-03-17T17:57:10.827Z,market,trade,TESTE,99962.01462400792,160,,,,ITAU,XP,,,
2026-03-17T17:57:10.992Z,market,trade,TESTE,99955.57942219541,169,,,,JPM,MS,,,
2026-03-17T17:57:11.159Z,market,trade,TESTE,99963.69920465871,176,,,,CITI,MS,,,
2026-03-17T17:57:11.324Z,market,trade,TESTE,99952.65643966147,69,,,,UBS,CITI,,,
2026-03-17T17:57:11.482Z,market,trade,TESTE,99954.07514560745,36,,,,ITAU,CS,,,
2026-03-17T17:57:11.654Z,market,trade,TESTE,99955.72570269827,132,,,,CS,BARCL,,,
2026-03-17T17:57:11.817Z,market,trade,TESTE,99960.20664172011,175,,,,XP,UBS,,,
2026-03-17T17:57:11.976Z,market,trade,TESTE,99971.12917398532,12,,,,ITAU,MS,,,
2026-03-17T17:57:12.138Z,market,trade,TESTE,99967.49135846316,76,,,,MS,GOLDM,,,
2026-03-17T17:57:12.303Z,market,trade,TESTE,99972.03605410445,188,,,,BARCL,UBS,,,
2026-03-17T17:57:12.471Z,market,trade,TESTE,99958.13943815934,167,,,,JPM,UBS,,,
2026-03-17T17:57:12.636Z,market,trade,TESTE,99960.97392111042,113,,,,UBS,CITI,,,
2026-03-17T17:57:12.834Z,market,trade,TESTE,99967.11973437956,108,,,,JPM,ITAU,,,
2026-03-17T17:57:13.017Z,market,trade,TESTE,99953.88562806345,41,,,,BTG,MS,,,
2026-03-17T17:57:13.180Z,market,trade,TESTE,99953.80706769963,116,,,,XP,BARCL,,,
2026-03-17T17:57:13.360Z,market,trade,TESTE,99959.77349667475,162,,,,MS,GOLDM,,,
2026-03-17T17:57:13.537Z,market,trade,TESTE,99960.12171067588,148,,,,BARCL,BTG,,,
2026-03-17T17:57:13.711Z,market,trade,TESTE,99960.58895150009,189,,,,UBS,CITI,,,
2026-03-17T17:57:13.873Z,market,trade,TESTE,99951.32187171529,80,,,,ITAU,UBS,,,
2026-03-17T17:57:14.041Z,market,trade,TESTE,99958.73847305651,195,,,,ITAU,ITAU,,,
2026-03-17T17:57:14.211Z,market,trade,TESTE,99950.69492960752,117,,,,MS,JPM,,,
2026-03-17T17:57:14.378Z,market,trade,TESTE,99958.43627011061,50,,,,UBS,CS,,,
2026-03-17T17:57:14.540Z,market,trade,TESTE,99957.0979929282,104,,,,BTG,GOLDM,,,
2026-03-17T17:57:14.702Z,market,trade,TESTE,99942.46014737539,185,,,,BARCL,MS,,,
2026-03-17T17:57:14.874Z,market,trade,TESTE,99944.69246958112,158,,,,MS,BTG,,,
2026-03-17T17:57:15.039Z,market,trade,TESTE,99948.74571349588,75,,,,ITAU,MS,,,
2026-03-17T17:57:15.204Z,market,trade,TESTE,99961.47608989007,33,,,,ITAU,BARCL,,,
2026-03-17T17:57:15.374Z,market,trade,TESTE,99953.85300101135,193,,,,ITAU,UBS,,,
2026-03-17T17:57:15.536Z,market,trade,TESTE,99965.72957995655,144,,,,XP,JPM,,,
2026-03-17T17:57:15.701Z,market,trade,TESTE,99961.00741162729,32,,,,BARCL,XP,,,
2026-03-17T17:57:15.867Z,market,trade,TESTE,99948.85478556511,61,,,,BTG,UBS,,,
2026-03-17T17:57:16.036Z,market,trade,TESTE,99948.87466289583,173,,,,BTG,CITI,,,
2026-03-17T17:57:16.202Z,market,trade,TESTE,99956.42153981295,153,,,,JPM,JPM,,,
2026-03-17T17:57:16.368Z,market,trade,TESTE,99961.10511845323,9,,,,BARCL,ITAU,,,
2026-03-17T17:57:16.532Z,market,trade,TESTE,99952.66894677546,29,,,,CITI,BARCL,,,
2026-03-17T17:57:16.696Z,market,trade,TESTE,99961.69389814747,68,,,,BARCL,MS,,,
2026-03-17T17:57:16.851Z,market,trade,TESTE,99954.96150575578,158,,,,ITAU,BTG,,,
2026-03-17T17:57:17.005Z,market,trade,TESTE,99954.89551728788,121,,,,XP,BARCL,,,
2026-03-17T17:57:17.167Z,market,trade,TESTE,99954.90518117876,150,,,,GOLDM,MS,,,
2026-03-17T17:57:17.336Z,market,trade,TESTE,99964.17000364179,124,,,,CITI,GOLDM,,,
2026-03-17T17:57:17.502Z,market,trade,TESTE,99952.13230153939,182,,,,ITAU,GOLDM,,,
2026-03-17T17:57:17.667Z,market,trade,TESTE,99962.01598793687,140,,,,BTG,MS,,,
2026-03-17T17:57:17.834Z,market,trade,TESTE,99965.82804331405,155,,,,UBS,CITI,,,
2026-03-17T17:57:18.004Z,market,trade,TESTE,99959.15096097367,133,,,,GOLDM,ITAU,,,
2026-03-17T17:57:18.167Z,market,trade,TESTE,99973.22516226862,103,,,,UBS,GOLDM,,,
2026-03-17T17:57:18.333Z,market,trade,TESTE,99970.64684813225,149,,,,BTG,MS,,,
2026-03-17T17:57:18.499Z,market,trade,TESTE,99965.76431137722,198,,,,GOLDM,BTG,,,
2026-03-17T17:57:18.652Z,market,trade,TESTE,99965.21388820915,58,,,,JPM,BARCL,,,
2026-03-17T17:57:18.827Z,market,trade,TESTE,99967.18777734837,149,,,,XP,BARCL,,,
2026-03-17T17:57:18.999Z,market,trade,TESTE,99953.95202954384,71,,,,CITI,MS,,,
2026-03-17T17:57:19.173Z,market,trade,TESTE,99965.37378777063,64,,,,JPM,MS,,,
2026-03-17T17:57:19.342Z,market,trade,TESTE,99964.89306451032,80,,,,MS,JPM,,,
2026-03-17T17:57:19.500Z,market,trade,TESTE,99966.09829390094,139,,,,XP,MS,,,
2026-03-17T17:57:19.668Z,market,trade,TESTE,99967.857068735,183,,,,CS,UBS,,,
2026-03-17T17:57:19.835Z,market,trade,TESTE,99966.93072590223,185,,,,XP,BARCL,,,
2026-03-17T17:57:20.001Z,market,trade,TESTE,99953.75950337584,153,,,,ITAU,CITI,,,
2026-03-17T17:57:20.174Z,market,trade,TESTE,99954.14053541777,107,,,,CS,CITI,,,
2026-03-17T17:57:20.339Z,market,trade,TESTE,99956.2026365139,23,,,,JPM,GOLDM,,,
2026-03-17T17:57:20.504Z,market,trade,TESTE,99966.152398892,159,,,,CITI,JPM,,,
2026-03-17T17:57:20.668Z,market,trade,TESTE,99959.05970354598,134,,,,CS,CITI,,,
2026-03-17T17:57:20.835Z,market,trade,TESTE,99972.68730018947,59,,,,ITAU,UBS,,,
2026-03-17T17:57:20.999Z,market,trade,TESTE,99968.4130632134,93,,,,UBS,MS,,,
2026-03-17T17:57:21.168Z,market,trade,TESTE,99968.47191784804,107,,,,MS,XP,,,
2026-03-17T17:57:21.338Z,market,trade,TESTE,99960.61835587292,178,,,,JPM,ITAU,,,
2026-03-17T17:57:21.504Z,market,trade,TESTE,99973.40713661433,76,,,,BARCL,BTG,,,
2026-03-17T17:57:21.666Z,market,trade,TESTE,99977.38967585572,38,,,,UBS,XP,,,
2026-03-17T17:57:21.838Z,market,trade,TESTE,99982.10355170102,76,,,,JPM,CS,,,
2026-03-17T17:57:22.003Z,market,trade,TESTE,99979.96621988264,7,,,,XP,BTG,,,
2026-03-17T17:57:22.170Z,market,trade,TESTE,99975.3997793214,127,,,,XP,GOLDM,,,
2026-03-17T17:57:22.335Z,market,trade,TESTE,99980.30655279708,124,,,,JPM,JPM,,,
2026-03-17T17:57:22.503Z,market,trade,TESTE,99973.50130763423,90,,,,ITAU,UBS,,,
2026-03-17T17:57:22.670Z,market,trade,TESTE,99971.65461863762,21,,,,ITAU,ITAU,,,
2026-03-17T17:57:22.834Z,market,trade,TESTE,99984.28118559523,199,,,,UBS,ITAU,,,
2026-03-17T17:57:22.995Z,market,trade,TESTE,99972.65735516464,126,,,,BTG,JPM,,,
2026-03-17T17:57:23.151Z,market,trade,TESTE,99971.92421253545,45,,,,XP,UBS,,,
2026-03-17T17:57:23.320Z,market,trade,TESTE,99986.83677178182,173,,,,CS,UBS,,,
2026-03-17T17:57:23.483Z,market,trade,TESTE,99976.37150331904,45,,,,GOLDM,UBS,,,
2026-03-17T17:57:23.636Z,market,trade,TESTE,99981.52568778276,66,,,,GOLDM,CITI,,,
2026-03-17T17:57:23.802Z,market,trade,TESTE,99969.10017754229,102,,,,GOLDM,BARCL,,,
2026-03-17T17:57:23.968Z,market,trade,TESTE,99967.122576179,195,,,,GOLDM,UBS,,,
2026-03-17T17:57:24.130Z,market,trade,TESTE,99966.96311695925,47,,,,CITI,MS,,,
2026-03-17T17:57:24.290Z,market,trade,TESTE,99969.07222841188,87,,,,BARCL,CITI,,,
2026-03-17T17:57:24.461Z,market,trade,TESTE,99979.03830449638,44,,,,BARCL,XP,,,
2026-03-17T17:57:24.618Z,market,trade,TESTE,99965.50284779741,38,,,,MS,XP,,,
2026-03-17T17:57:24.784Z,market,trade,TESTE,99974.92811753036,142,,,,CS,BTG,,,
2026-03-17T17:57:24.950Z,market,trade,TESTE,99969.76805479304,36,,,,CITI,JPM,,,
2026-03-17T17:57:25.121Z,market,trade,TESTE,99982.65865823303,198,,,,JPM,JPM,,,
2026-03-17T17:57:25.290Z,market,trade,TESTE,99986.19138302073,92,,,,XP,XP,,,
2026-03-17T17:57:25.467Z,market,trade,TESTE,99989.24372525679,109,,,,GOLDM,CS,,,
2026-03-17T17:57:25.654Z,market,trade,TESTE,99992.20500914274,146,,,,BTG,UBS,,,
2026-03-17T17:57:25.822Z,market,trade,TESTE,99980.59749170892,14,,,,GOLDM,UBS,,,
2026-03-17T17:57:25.989Z,market,trade,TESTE,99986.21511621916,28,,,,CITI,CS,,,
2026-03-17T17:57:26.152Z,market,trade,TESTE,99980.43113541858,106,,,,MS,MS,,,
2026-03-17T17:57:26.317Z,market,trade,TESTE,99995.3826628247,92,,,,MS,BTG,,,
2026-03-17T17:57:26.470Z,market,trade,TESTE,99988.9903810097,47,,,,UBS,UBS,,,
2026-03-17T17:57:26.633Z,market,trade,TESTE,99986.45986920294,76,,,,BTG,MS,,,
2026-03-17T17:57:26.805Z,market,trade,TESTE,99985.3374558975,124,,,,ITAU,GOLDM,,,
2026-03-17T17:57:26.968Z,market,trade,TESTE,99998.76346384591,198,,,,BARCL,BTG,,,
2026-03-17T17:57:27.135Z,market,trade,TESTE,99986.67489367786,99,,,,XP,CITI,,,
2026-03-17T17:57:27.305Z,market,trade,TESTE,100000.61223961732,115,,,,CITI,GOLDM,,,
2026-03-17T17:57:27.464Z,market,trade,TESTE,99995.95597137872,69,,,,BTG,UBS,,,
2026-03-17T17:57:27.618Z,market,trade,TESTE,99999.11606817761,103,,,,BARCL,MS,,,
2026-03-17T17:57:27.783Z,market,trade,TESTE,99993.00003043914,118,,,,CITI,GOLDM,,,
2026-03-17T17:57:27.950Z,market,trade,TESTE,100003.04447352747,186,,,,ITAU,ITAU,,,
2026-03-17T17:57:28.117Z,market,trade,TESTE,100000.59453481121,103,,,,UBS,MS,,,
2026-03-17T17:57:28.287Z,market,trade,TESTE,99998.53018939435,21,,,,CS,GOLDM,,,
2026-03-17T17:57:28.449Z,market,trade,TESTE,99990.7473712764,101,,,,XP,MS,,,
2026-03-17T17:57:28.605Z,market,trade,TESTE,99987.79196278668,109,,,,BARCL,JPM,,,
2026-03-17T17:57:28.767Z,market,trade,TESTE,99985.1151101542,190,,,,CS,CITI,,,
2026-03-17T17:57:28.930Z,market,trade,TESTE,99991.77060940683,183,,,,BTG,CS,,,
2026-03-17T17:57:29.082Z,market,trade,TESTE,99992.9673455893,127,,,,UBS,BARCL,,,
2026-03-17T17:57:29.250Z,market,trade,TESTE,99990.71470837225,165,,,,GOLDM,UBS,,,
2026-03-17T17:57:29.409Z,market,trade,TESTE,99983.95912178261,68,,,,BTG,JPM,,,
2026-03-17T17:57:29.570Z,market,trade,TESTE,99987.74980664931,142,,,,GOLDM,BARCL,,,
2026-03-17T17:57:29.733Z,market,trade,TESTE,99986.46181288236,69,,,,ITAU,XP,,,
2026-03-17T17:57:29.900Z,market,trade,TESTE,99999.61554689589,75,,,,UBS,BARCL,,,
2026-03-17T17:57:30.069Z,market,trade,TESTE,99985.33678606882,114,,,,BTG,ITAU,,,
2026-03-17T17:57:30.234Z,market,trade,TESTE,99991.39652386423,39,,,,XP,JPM,,,
2026-03-17T17:57:30.391Z,market,trade,TESTE,99993.74529023118,10,,,,UBS,MS,,,
2026-03-17T17:57:30.551Z,market,trade,TESTE,99986.39490337654,83,,,,CITI,JPM,,,
2026-03-17T17:57:30.719Z,market,trade,TESTE,99999.16014512129,92,,,,BTG,BTG,,,
2026-03-17T17:57:30.878Z,market,trade,TESTE,100002.36105817893,82,,,,BTG,BARCL,,,
2026-03-17T17:57:31.036Z,market,trade,TESTE,99996.22494244897,15,,,,JPM,BTG,,,
2026-03-17T17:57:31.188Z,market,trade,TESTE,99997.96662178278,55,,,,CS,GOLDM,,,
2026-03-17T17:57:31.369Z,market,trade,TESTE,99996.72409316944,89,,,,GOLDM,UBS,,,
2026-03-17T17:57:31.536Z,market,trade,TESTE,99995.85247530702,74,,,,GOLDM,ITAU,,,
2026-03-17T17:57:31.691Z,market,trade,TESTE,100006.65344642747,81,,,,GOLDM,MS,,,
2026-03-17T17:57:31.860Z,market,trade,TESTE,100010.0006166252,60,,,,MS,MS,,,
2026-03-17T17:57:32.024Z,market,trade,TESTE,100010.67407476602,172,,,,UBS,XP,,,
2026-03-17T17:57:32.201Z,market,trade,TESTE,100012.50361374773,46,,,,BARCL,GOLDM,,,
2026-03-17T17:57:32.375Z,market,trade,TESTE,100015.48745777519,24,,,,CS,JPM,,,
2026-03-17T17:57:32.561Z,market,trade,TESTE,100018.65655043245,196,,,,GOLDM,XP,,,
2026-03-17T17:57:32.766Z,market,trade,TESTE,100005.41652918521,38,,,,BTG,GOLDM,,,
2026-03-17T17:57:32.954Z,market,trade,TESTE,100010.26838979752,29,,,,CITI,UBS,,,
2026-03-17T17:57:33.138Z,market,trade,TESTE,100023.66423265875,26,,,,BARCL,BARCL,,,
2026-03-17T17:57:33.309Z,market,trade,TESTE,100015.01730882055,103,,,,GOLDM,ITAU,,,
2026-03-17T17:57:33.475Z,market,trade,TESTE,100029.36706915835,192,,,,GOLDM,XP,,,
2026-03-17T17:57:33.640Z,market,trade,TESTE,100023.20069809114,98,,,,BARCL,BARCL,,,
2026-03-17T17:57:33.807Z,market,trade,TESTE,100024.00244000158,167,,,,MS,UBS,,,
2026-03-17T17:57:33.970Z,market,trade,TESTE,100032.54145604876,79,,,,ITAU,JPM,,,
2026-03-17T17:57:34.138Z,market,trade,TESTE,100030.25427955847,58,,,,CS,GOLDM,,,
2026-03-17T17:57:34.311Z,market,trade,TESTE,100033.60111785162,40,,,,BARCL,CITI,,,
2026-03-17T17:57:34.477Z,market,trade,TESTE,100029.65641537166,142,,,,CS,BTG,,,
2026-03-17T17:57:34.630Z,market,trade,TESTE,100028.67632088599,48,,,,BARCL,CS,,,
2026-03-17T17:57:34.785Z,market,trade,TESTE,100033.08070789355,27,,,,ITAU,JPM,,,
2026-03-17T17:57:34.951Z,market,trade,TESTE,100034.97945674192,181,,,,BARCL,CS,,,
2026-03-17T17:57:35.117Z,market,trade,TESTE,100036.11463799294,171,,,,CITI,BTG,,,
2026-03-17T17:57:35.280Z,market,trade,TESTE,100026.45963627582,142,,,,BTG,ITAU,,,
2026-03-17T17:57:35.445Z,market,trade,TESTE,100039.91439348027,132,,,,UBS,MS,,,
2026-03-17T17:57:35.606Z,market,trade,TESTE,100031.47003276148,43,,,,XP,GOLDM,,,
2026-03-17T17:57:35.771Z,market,trade,TESTE,100038.49664256022,130,,,,XP,JPM,,,
2026-03-17T17:57:35.959Z,market,trade,TESTE,100042.87024765498,74,,,,UBS,UBS,,,
2026-03-17T17:57:36.240Z,market,trade,TESTE,100042.37220136989,43,,,,BARCL,UBS,,,
2026-03-17T17:57:36.908Z,market,trade,TESTE,100032.42264465078,13,,,,ITAU,JPM,,,
2026-03-17T17:57:37.141Z,market,trade,TESTE,100043.84331468995,75,,,,CITI,BTG,,,
2026-03-17T17:57:37.359Z,market,trade,TESTE,100033.53854955344,36,,,,BARCL,BARCL,,,
2026-03-17T17:57:37.591Z,market,trade,TESTE,100034.02505992529,123,,,,UBS,GOLDM,,,
2026-03-17T17:57:37.794Z,market,trade,TESTE,100046.51640005001,19,,,,BARCL,CITI,,,
2026-03-17T17:57:37.973Z,market,trade,TESTE,100040.9171968893,181,,,,CS,MS,,,
2026-03-17T17:57:38.160Z,market,trade,TESTE,100043.03566055292,109,,,,XP,JPM,,,
2026-03-17T17:57:38.339Z,market,trade,TESTE,100039.13896835537,69,,,,BARCL,CS,,,
2026-03-17T17:57:38.491Z,market,trade,TESTE,100053.92853058525,136,,,,GOLDM,BARCL,,,
2026-03-17T17:57:38.802Z,market,trade,TESTE,100054.44518949493,96,,,,UBS,BTG,,,
2026-03-17T17:57:38.968Z,market,trade,TESTE,100056.06654552113,105,,,,XP,BTG,,,
2026-03-17T17:57:39.130Z,market,trade,TESTE,100059.72598802761,159,,,,MS,CITI,,,
2026-03-17T17:57:39.289Z,market,trade,TESTE,100050.91424048269,154,,,,CS,MS,,,
2026-03-17T17:57:39.459Z,market,trade,TESTE,100057.92109452008,133,,,,UBS,XP,,,
2026-03-17T17:57:39.625Z,market,trade,TESTE,100043.39735978474,135,,,,CITI,CITI,,,
2026-03-17T17:57:39.786Z,market,trade,TESTE,100039.7715564375,85,,,,BARCL,MS,,,
2026-03-17T17:57:39.950Z,market,trade,TESTE,100048.88707073951,109,,,,GOLDM,BARCL,,,
2026-03-17T17:57:40.127Z,market,trade,TESTE,100045.39844307542,162,,,,CITI,XP,,,
2026-03-17T17:57:40.286Z,market,trade,TESTE,100040.21740694642,84,,,,GOLDM,GOLDM,,,
2026-03-17T17:57:40.452Z,market,trade,TESTE,100038.37998959147,173,,,,BARCL,GOLDM,,,
2026-03-17T17:57:40.641Z,market,trade,TESTE,100042.39437833372,42,,,,JPM,XP,,,
2026-03-17T17:57:40.811Z,market,trade,TESTE,100041.64999249425,82,,,,CITI,BARCL,,,
2026-03-17T17:57:40.974Z,market,trade,TESTE,100048.58523579393,142,,,,UBS,XP,,,
2026-03-17T17:57:41.142Z,market,trade,TESTE,100037.63869103995,86,,,,BARCL,CS,,,
2026-03-17T17:57:41.312Z,market,trade,TESTE,100045.48061630364,50,,,,CITI,BARCL,,,
2026-03-17T17:57:41.490Z,market,trade,TESTE,100043.2583990449,60,,,,JPM,CS,,,
2026-03-17T17:57:41.653Z,market,trade,TESTE,100044.3022960674,23,,,,XP,MS,,,
2026-03-17T17:57:41.807Z,market,trade,TESTE,100034.91902659244,66,,,,CITI,UBS,,,
2026-03-17T17:57:41.962Z,market,trade,TESTE,100032.27774643064,154,,,,MS,ITAU,,,
2026-03-17T17:57:42.122Z,market,trade,TESTE,100040.52546621228,128,,,,ITAU,BTG,,,
2026-03-17T17:57:42.287Z,market,trade,TESTE,100028.51559367799,146,,,,GOLDM,JPM,,,
2026-03-17T17:57:42.447Z,market,trade,TESTE,100026.9969088726,193,,,,ITAU,GOLDM,,,
2026-03-17T17:57:42.606Z,market,trade,TESTE,100030.51792019123,126,,,,XP,JPM,,,
2026-03-17T17:57:42.759Z,market,trade,TESTE,100037.92326179809,77,,,,CS,BARCL,,,
2026-03-17T17:57:42.916Z,market,trade,TESTE,100031.37148798964,35,,,,CS,MS,,,
2026-03-17T17:57:43.072Z,market,trade,TESTE,100044.487718347,157,,,,CS,ITAU,,,
2026-03-17T17:57:43.233Z,market,trade,TESTE,100032.7984384619,121,,,,XP,UBS,,,
2026-03-17T17:57:43.400Z,market,trade,TESTE,100047.6521532618,72,,,,CITI,GOLDM,,,
2026-03-17T17:57:43.554Z,market,trade,TESTE,100037.55268514648,187,,,,CITI,CS,,,
2026-03-17T17:57:43.713Z,market,trade,TESTE,100048.18372127127,88,,,,CS,ITAU,,,
2026-03-17T17:57:43.869Z,market,trade,TESTE,100039.68741215723,198,,,,CS,JPM,,,
2026-03-17T17:57:44.027Z,market,trade,TESTE,100048.33437671128,178,,,,BARCL,UBS,,,
2026-03-17T17:57:44.182Z,market,trade,TESTE,100043.30777085068,190,,,,XP,BTG,,,
2026-03-17T17:57:44.337Z,market,trade,TESTE,100056.10498547647,54,,,,JPM,UBS,,,
2026-03-17T17:57:44.495Z,market,trade,TESTE,100052.97860058771,182,,,,MS,UBS,,,
2026-03-17T17:57:44.651Z,market,trade,TESTE,100046.63119339292,178,,,,XP,ITAU,,,
2026-03-17T17:57:44.821Z,market,trade,TESTE,100043.9081900167,6,,,,JPM,XP,,,
2026-03-17T17:57:44.983Z,market,trade,TESTE,100047.33228211955,86,,,,XP,XP,,,
2026-03-17T17:57:45.190Z,market,trade,TESTE,100055.78604116692,91,,,,XP,JPM,,,
2026-03-17T17:57:45.353Z,market,trade,TESTE,100054.95080007488,56,,,,JPM,XP,,,
2026-03-17T17:57:45.516Z,market,trade,TESTE,100053.59108793738,39,,,,JPM,CITI,,,
2026-03-17T17:57:45.685Z,market,trade,TESTE,100051.91598270365,154,,,,UBS,BARCL,,,
2026-03-17T17:57:45.854Z,market,trade,TESTE,100038.24188294246,117,,,,JPM,XP,,,
2026-03-17T17:57:46.009Z,market,trade,TESTE,100052.50923825559,193,,,,GOLDM,JPM,,,
2026-03-17T17:57:46.178Z,market,trade,TESTE,100047.7154420658,145,,,,JPM,BTG,,,
2026-03-17T17:57:46.343Z,market,trade,TESTE,100046.27597534836,131,,,,CS,GOLDM,,,
2026-03-17T17:57:46.505Z,market,trade,TESTE,100037.56585856543,165,,,,GOLDM,CITI,,,
2026-03-17T17:57:46.757Z,market,trade,TESTE,100042.09659254558,171,,,,BARCL,XP,,,
2026-03-17T17:57:46.921Z,market,trade,TESTE,100041.62027223993,29,,,,BARCL,ITAU,,,
2026-03-17T17:57:47.089Z,market,trade,TESTE,100038.37107783032,185,,,,BTG,GOLDM,,,
2026-03-17T17:57:47.242Z,market,trade,TESTE,100041.41547261315,79,,,,MS,MS,,,
2026-03-17T17:57:47.396Z,market,trade,TESTE,100053.4904077338,147,,,,ITAU,UBS,,,
2026-03-17T17:57:47.548Z,market,trade,TESTE,100055.6072320997,161,,,,MS,MS,,,
2026-03-17T17:57:47.700Z,market,trade,TESTE,100050.53564250516,62,,,,CS,CS,,,
2026-03-17T17:57:47.868Z,market,trade,TESTE,100064.60429203238,57,,,,CITI,MS,,,
2026-03-17T17:57:48.042Z,market,trade,TESTE,100053.88071510526,64,,,,GOLDM,ITAU,,,
2026-03-17T17:57:48.206Z,market,trade,TESTE,100067.3448797811,195,,,,UBS,CS,,,
2026-03-17T17:57:48.390Z,market,trade,TESTE,100063.51365154855,120,,,,CITI,UBS,,,
2026-03-17T17:57:48.560Z,market,trade,TESTE,100064.33074290963,108,,,,BARCL,BARCL,,,
2026-03-17T17:57:48.716Z,market,trade,TESTE,100064.51827790258,132,,,,MS,CS,,,
2026-03-17T17:57:48.879Z,market,trade,TESTE,100061.42502026989,173,,,,MS,JPM,,,
2026-03-17T17:57:49.055Z,market,trade,TESTE,100062.06907954346,130,,,,UBS,BARCL,,,
2026-03-17T17:57:49.224Z,market,trade,TESTE,100056.10648287025,57,,,,BARCL,MS,,,
2026-03-17T17:57:49.395Z,market,trade,TESTE,100063.36180476974,83,,,,UBS,JPM,,,
2026-03-17T17:57:49.594Z,market,trade,TESTE,100059.8486510385,143,,,,XP,MS,,,
2026-03-17T17:57:49.754Z,market,trade,TESTE,100046.80382204172,25,,,,ITAU,MS,,,
2026-03-17T17:57:50.025Z,market,trade,TESTE,100051.06468226537,191,,,,CS,UBS,,,
2026-03-17T17:57:50.204Z,market,trade,TESTE,100066.0600948935,146,,,,BARCL,BTG,,,
2026-03-17T17:57:50.388Z,market,trade,TESTE,100064.87026507898,72,,,,UBS,ITAU,,,
2026-03-17T17:57:50.555Z,market,trade,TESTE,100065.4282124949,61,,,,JPM,JPM,,,
2026-03-17T17:57:50.712Z,market,trade,TESTE,100057.02626500523,45,,,,MS,XP,,,
2026-03-17T17:57:50.888Z,market,trade,TESTE,100061.94502138782,91,,,,ITAU,MS,,,
2026-03-17T17:57:51.055Z,market,trade,TESTE,100072.8756489986,195,,,,CS,ITAU,,,
2026-03-17T17:57:51.216Z,market,trade,TESTE,100076.06088853581,29,,,,ITAU,CS,,,
2026-03-17T17:57:51.368Z,market,trade,TESTE,100068.57367976452,154,,,,XP,ITAU,,,
2026-03-17T17:57:51.523Z,market,trade,TESTE,100080.6482874871,44,,,,BARCL,XP,,,
2026-03-17T17:57:51.684Z,market,trade,TESTE,100081.1148024922,161,,,,BTG,GOLDM,,,
2026-03-17T17:57:51.842Z,market,trade,TESTE,100077.65237266598,48,,,,JPM,JPM,,,
2026-03-17T17:57:52.012Z,market,trade,TESTE,100071.93069373016,166,,,,CITI,CS,,,
2026-03-17T17:57:52.167Z,market,trade,TESTE,100080.84442814173,87,,,,CS,CS,,,
2026-03-17T17:57:52.344Z,market,trade,TESTE,100067.28582329473,108,,,,CS,MS,,,
2026-03-17T17:57:52.521Z,market,trade,TESTE,100064.68969320941,102,,,,BARCL,XP,,,
2026-03-17T17:57:52.691Z,market,trade,TESTE,100072.40473997833,147,,,,CS,CITI,,,
2026-03-17T17:57:52.852Z,market,trade,TESTE,100073.29080708126,73,,,,CITI,CITI,,,
2026-03-17T17:57:53.017Z,market,trade,TESTE,100070.77663001843,53,,,,JPM,CITI,,,
2026-03-17T17:57:53.179Z,market,trade,TESTE,100061.42869659336,102,,,,BARCL,BTG,,,
2026-03-17T17:57:53.364Z,market,trade,TESTE,100067.21563076646,153,,,,BARCL,MS,,,
2026-03-17T17:57:53.530Z,market,trade,TESTE,100071.88160125102,119,,,,GOLDM,JPM,,,
2026-03-17T17:57:53.684Z,market,trade,TESTE,100059.76845017269,73,,,,CITI,UBS,,,
2026-03-17T17:57:53.858Z,market,trade,TESTE,100070.54700826056,110,,,,UBS,XP,,,
2026-03-17T17:57:54.021Z,market,trade,TESTE,100073.2784759312,157,,,,CS,BTG,,,
2026-03-17T17:57:54.187Z,market,trade,TESTE,100063.16538416319,107,,,,JPM,MS,,,
2026-03-17T17:57:54.347Z,market,trade,TESTE,100061.80279671252,83,,,,BTG,XP,,,
2026-03-17T17:57:54.546Z,market,trade,TESTE,100073.44169584908,76,,,,MS,GOLDM,,,
2026-03-17T17:57:54.710Z,market,trade,TESTE,100075.33564435692,115,,,,UBS,JPM,,,
2026-03-17T17:57:54.891Z,market,trade,TESTE,100062.898481037,184,,,,GOLDM,XP,,,
2026-03-17T17:57:55.101Z,market,trade,TESTE,100063.2822635187,133,,,,ITAU,CITI,,,
2026-03-17T17:57:55.285Z,market,trade,TESTE,100074.43334051964,196,,,,UBS,GOLDM,,,
2026-03-17T17:57:55.461Z,market,trade,TESTE,100059.56464712915,114,,,,ITAU,JPM,,,
2026-03-17T17:57:55.621Z,market,trade,TESTE,100063.70297988404,110,,,,MS,BARCL,,,
2026-03-17T17:57:55.785Z,market,trade,TESTE,100063.91666632413,26,,,,BARCL,MS,,,
2026-03-17T17:57:55.957Z,market,trade,TESTE,100059.0808002318,173,,,,JPM,MS,,,
2026-03-17T17:57:56.118Z,market,trade,TESTE,100062.57296860681,91,,,,XP,BARCL,,,
2026-03-17T17:57:56.273Z,market,trade,TESTE,100067.54722544826,132,,,,UBS,MS,,,
2026-03-17T17:57:56.432Z,market,trade,TESTE,100067.20465725912,177,,,,XP,BARCL,,,
2026-03-17T17:57:56.607Z,market,trade,TESTE,100070.9764097201,114,,,,GOLDM,XP,,,
2026-03-17T17:57:56.774Z,market,trade,TESTE,100070.11059252222,146,,,,CITI,MS,,,
2026-03-17T17:57:56.932Z,market,trade,TESTE,100067.36078382903,75,,,,CITI,CITI,,,
2026-03-17T17:57:57.430Z,market,trade,TESTE,100080.57095025516,91,,,,CITI,JPM,,,
2026-03-17T17:57:57.641Z,market,trade,TESTE,100078.4482740677,57,,,,JPM,ITAU,,,
2026-03-17T17:57:57.859Z,market,trade,TESTE,100070.99611812098,64,,,,CS,ITAU,,,
2026-03-17T17:57:58.057Z,market,trade,TESTE,100079.87773070588,124,,,,CS,CITI,,,
2026-03-17T17:57:58.249Z,market,trade,TESTE,100084.83719821667,48,,,,XP,JPM,,,
2026-03-17T17:57:58.475Z,market,trade,TESTE,100082.15752071254,102,,,,MS,CS,,,
2026-03-17T17:57:58.642Z,market,trade,TESTE,100082.3779136138,116,,,,BARCL,BARCL,,,
2026-03-17T17:57:58.895Z,market,trade,TESTE,100077.20484974002,100,,,,XP,BARCL,,,
2026-03-17T17:57:59.059Z,market,trade,TESTE,100079.86604050835,87,,,,CS,UBS,,,
2026-03-17T17:57:59.222Z,market,trade,TESTE,100092.17332842521,111,,,,BARCL,GOLDM,,,
2026-03-17T17:57:59.407Z,market,trade,TESTE,100097.12051431424,159,,,,XP,BARCL,,,
2026-03-17T17:57:59.570Z,market,trade,TESTE,100096.55227378165,88,,,,BARCL,XP,,,
2026-03-17T17:57:59.767Z,market,trade,TESTE,100098.08022444269,177,,,,CITI,ITAU,,,
2026-03-17T17:57:59.999Z,market,trade,TESTE,100092.6993968042,122,,,,JPM,MS,,,
2026-03-17T17:58:00.172Z,market,trade,TESTE,100099.38409435317,175,,,,XP,BTG,,,
2026-03-17T17:58:00.339Z,market,trade,TESTE,100099.14608063082,157,,,,ITAU,UBS,,,
2026-03-17T17:58:00.506Z,market,trade,TESTE,100091.50527108408,45,,,,CS,XP,,,
2026-03-17T17:58:00.663Z,market,trade,TESTE,100089.32136958514,114,,,,MS,ITAU,,,
2026-03-17T17:58:00.823Z,market,trade,TESTE,100097.258076008,54,,,,XP,XP,,,
2026-03-17T17:58:00.992Z,market,trade,TESTE,100089.92486821505,35,,,,XP,JPM,,,
2026-03-17T17:58:01.151Z,market,trade,TESTE,100087.56698573503,19,,,,GOLDM,CITI,,,
2026-03-17T17:58:01.328Z,market,trade,TESTE,100099.2704699724,174,,,,CS,MS,,,
2026-03-17T17:58:01.488Z,market,trade,TESTE,100097.45563298266,50,,,,BARCL,ITAU,,,
2026-03-17T17:58:01.644Z,market,trade,TESTE,100084.68464890443,193,,,,BTG,GOLDM,,,
2026-03-17T17:58:01.806Z,market,trade,TESTE,100085.11227968305,80,,,,XP,MS,,,
2026-03-17T17:58:01.984Z,market,trade,TESTE,100097.63753618018,134,,,,ITAU,XP,,,
2026-03-17T17:58:02.145Z,market,trade,TESTE,100083.89294919466,91,,,,ITAU,UBS,,,
2026-03-17T17:58:02.306Z,market,trade,TESTE,100092.94883443818,126,,,,CS,GOLDM,,,
2026-03-17T17:58:02.460Z,market,trade,TESTE,100094.61509934302,119,,,,UBS,CITI,,,
2026-03-17T17:58:02.618Z,market,trade,TESTE,100079.825221191,146,,,,ITAU,UBS,,,
2026-03-17T17:58:02.774Z,market,trade,TESTE,100091.13478518647,185,,,,ITAU,CS,,,
2026-03-17T17:58:02.936Z,market,trade,TESTE,100094.2436368121,152,,,,CITI,JPM,,,
2026-03-17T17:58:03.110Z,market,trade,TESTE,100095.48628809239,113,,,,UBS,BARCL,,,
2026-03-17T17:58:03.288Z,market,trade,TESTE,100093.15397996684,129,,,,JPM,CS,,,
2026-03-17T17:58:03.476Z,market,trade,TESTE,100087.7928917755,83,,,,CITI,UBS,,,
2026-03-17T17:58:03.700Z,market,trade,TESTE,100087.54598767826,89,,,,MS,BTG,,,
2026-03-17T17:58:03.871Z,market,trade,TESTE,100092.92572732594,95,,,,CITI,CITI,,,
2026-03-17T17:58:04.080Z,market,trade,TESTE,100096.72565267199,128,,,,JPM,MS,,,
2026-03-17T17:58:04.251Z,market,trade,TESTE,100085.18733770821,194,,,,ITAU,MS,,,
2026-03-17T17:58:04.418Z,market,trade,TESTE,100091.5943948434,6,,,,BARCL,XP,,,
2026-03-17T17:58:04.638Z,market,trade,TESTE,100090.51249490454,185,,,,CITI,CITI,,,
2026-03-17T17:58:04.821Z,market,trade,TESTE,100083.73546479162,97,,,,BTG,MS,,,
2026-03-17T17:58:05.025Z,market,trade,TESTE,100083.52068385592,98,,,,XP,MS,,,
2026-03-17T17:58:05.195Z,market,trade,TESTE,100079.46826724817,60,,,,MS,UBS,,,
2026-03-17T17:58:05.374Z,market,trade,TESTE,100081.0236843846,86,,,,GOLDM,BARCL,,,
2026-03-17T17:58:05.534Z,market,trade,TESTE,100079.13239950051,116,,,,BARCL,BTG,,,
2026-03-17T17:58:05.687Z,market,trade,TESTE,100083.93337604096,48,,,,UBS,BTG,,,
2026-03-17T17:58:05.860Z,market,trade,TESTE,100082.71374969518,189,,,,JPM,XP,,,
2026-03-17T17:58:06.014Z,market,trade,TESTE,100093.08971466949,171,,,,MS,GOLDM,,,
2026-03-17T17:58:06.168Z,market,trade,TESTE,100089.27730601525,21,,,,MS,MS,,,
2026-03-17T17:58:06.324Z,market,trade,TESTE,100078.23143968501,103,,,,BTG,CS,,,
2026-03-17T17:58:06.480Z,market,trade,TESTE,100074.2918263285,105,,,,MS,UBS,,,
2026-03-17T17:58:06.639Z,market,trade,TESTE,100085.02165297455,156,,,,CS,GOLDM,,,
2026-03-17T17:58:06.792Z,market,trade,TESTE,100087.25960724788,152,,,,BARCL,BTG,,,
2026-03-17T17:58:06.950Z,market,trade,TESTE,100083.46356928429,190,,,,CS,MS,,,
2026-03-17T17:58:07.104Z,market,trade,TESTE,100084.85442361487,154,,,,BTG,MS,,,
2026-03-17T17:58:07.261Z,market,trade,TESTE,100080.13887501833,50,,,,ITAU,BARCL,,,
2026-03-17T17:58:07.420Z,market,trade,TESTE,100081.89609209,91,,,,BTG,MS,,,
2026-03-17T17:58:07.578Z,market,trade,TESTE,100082.34317567146,187,,,,MS,CS,,,
2026-03-17T17:58:07.742Z,market,trade,TESTE,100078.00805977889,160,,,,JPM,BTG,,,
2026-03-17T17:58:07.900Z,market,trade,TESTE,100066.80814810129,183,,,,UBS,BARCL,,,
2026-03-17T17:58:08.088Z,market,trade,TESTE,100067.02877845614,132,,,,CS,BARCL,,,
2026-03-17T17:58:08.243Z,market,trade,TESTE,100072.08540015934,114,,,,CS,CS,,,
2026-03-17T17:58:08.401Z,market,trade,TESTE,100071.24855416354,36,,,,JPM,CS,,,
2026-03-17T17:58:08.558Z,market,trade,TESTE,100073.2325384551,77,,,,GOLDM,XP,,,
2026-03-17T17:58:08.716Z,market,trade,TESTE,100058.84719563552,133,,,,BARCL,XP,,,
2026-03-17T17:58:08.873Z,market,trade,TESTE,100054.72574239985,122,,,,JPM,XP,,,
2026-03-17T17:58:09.030Z,market,trade,TESTE,100067.82691128693,71,,,,BTG,CS,,,
2026-03-17T17:58:09.184Z,market,trade,TESTE,100068.16148226707,194,,,,CITI,JPM,,,
2026-03-17T17:58:09.339Z,market,trade,TESTE,100072.0163425189,67,,,,BARCL,XP,,,
2026-03-17T17:58:09.496Z,market,trade,TESTE,100057.21072689959,195,,,,UBS,UBS,,,
2026-03-17T17:58:09.653Z,market,trade,TESTE,100066.91736619425,6,,,,MS,UBS,,,
2026-03-17T17:58:09.808Z,market,trade,TESTE,100071.88244474134,134,,,,UBS,BTG,,,
2026-03-17T17:58:09.963Z,market,trade,TESTE,100068.95392873287,86,,,,ITAU,CS,,,
2026-03-17T17:58:10.120Z,market,trade,TESTE,100067.21341875356,29,,,,CITI,ITAU,,,
2026-03-17T17:58:10.279Z,market,trade,TESTE,100064.40435729397,145,,,,CS,MS,,,
2026-03-17T17:58:10.439Z,market,trade,TESTE,100062.33046979588,101,,,,BARCL,ITAU,,,
2026-03-17T17:58:10.590Z,market,trade,TESTE,100052.94827485605,102,,,,ITAU,XP,,,
2026-03-17T17:58:10.751Z,market,trade,TESTE,100063.5574763308,26,,,,BTG,ITAU,,,
2026-03-17T17:58:10.904Z,market,trade,TESTE,100064.917453669,155,,,,MS,GOLDM,,,
2026-03-17T17:58:11.066Z,market,trade,TESTE,100069.26333516072,11,,,,ITAU,BTG,,,
2026-03-17T17:58:11.223Z,market,trade,TESTE,100060.2510523418,181,,,,BTG,CITI,,,
2026-03-17T17:58:11.378Z,market,trade,TESTE,100072.15521717211,125,,,,BARCL,BTG,,,
2026-03-17T17:58:11.535Z,market,trade,TESTE,100061.92282886505,24,,,,UBS,ITAU,,,
2026-03-17T17:58:11.694Z,market,trade,TESTE,100060.31272171339,51,,,,ITAU,XP,,,
2026-03-17T17:58:11.874Z,market,trade,TESTE,100061.72534845483,163,,,,UBS,XP,,,
2026-03-17T17:58:12.038Z,market,trade,TESTE,100064.72990842693,66,,,,CS,CS,,,
2026-03-17T17:58:12.209Z,market,trade,TESTE,100072.04208004214,19,,,,GOLDM,UBS,,,
2026-03-17T17:58:12.369Z,market,trade,TESTE,100069.8851842489,63,,,,CS,BARCL,,,
2026-03-17T17:58:12.529Z,market,trade,TESTE,100055.47783702519,53,,,,CS,CITI,,,
2026-03-17T17:58:12.686Z,market,trade,TESTE,100063.73267167034,16,,,,BTG,CITI,,,
2026-03-17T17:58:12.839Z,market,trade,TESTE,100054.82145634171,150,,,,ITAU,BARCL,,,
2026-03-17T17:58:12.996Z,market,trade,TESTE,100065.06986390412,134,,,,ITAU,BTG,,,
2026-03-17T17:58:13.159Z,market,trade,TESTE,100063.83779524305,62,,,,CS,XP,,,
2026-03-17T17:58:13.320Z,market,trade,TESTE,100049.91560373174,60,,,,CITI,UBS,,,
2026-03-17T17:58:13.478Z,market,trade,TESTE,100046.56519789012,26,,,,BARCL,MS,,,
2026-03-17T17:58:13.635Z,market,trade,TESTE,100051.68922140969,95,,,,GOLDM,CS,,,
2026-03-17T17:58:13.807Z,market,trade,TESTE,100048.4098733246,29,,,,ITAU,MS,,,
2026-03-17T17:58:13.969Z,market,trade,TESTE,100048.42604734378,33,,,,JPM,CITI,,,
2026-03-17T17:58:14.124Z,market,trade,TESTE,100038.71542791488,114,,,,ITAU,JPM,,,
2026-03-17T17:58:14.285Z,market,trade,TESTE,100050.20891216908,138,,,,XP,XP,,,
2026-03-17T17:58:14.451Z,market,trade,TESTE,100038.39596253437,67,,,,JPM,UBS,,,
2026-03-17T17:58:14.609Z,market,trade,TESTE,100034.85644188138,43,,,,JPM,XP,,,
2026-03-17T17:58:14.793Z,market,trade,TESTE,100036.4537211757,143,,,,UBS,CS,,,
2026-03-17T17:58:14.976Z,market,trade,TESTE,100044.59683557757,101,,,,UBS,JPM,,,
2026-03-17T17:58:15.159Z,market,trade,TESTE,100044.6256588845,14,,,,XP,XP,,,
2026-03-17T17:58:15.428Z,market,trade,TESTE,100037.5619796472,179,,,,ITAU,UBS,,,
2026-03-17T17:58:15.629Z,market,trade,TESTE,100043.17778234484,116,,,,CS,ITAU,,,
2026-03-17T17:58:15.807Z,market,trade,TESTE,100028.96178732433,36,,,,BARCL,BTG,,,
2026-03-17T17:58:16.046Z,market,trade,TESTE,100039.93151348176,116,,,,CITI,XP,,,
2026-03-17T17:58:16.324Z,market,trade,TESTE,100025.14846080505,160,,,,ITAU,BARCL,,,
2026-03-17T17:58:16.505Z,market,trade,TESTE,100039.57728860572,103,,,,JPM,XP,,,
2026-03-17T17:58:16.668Z,market,trade,TESTE,100038.33592918163,68,,,,CITI,CS,,,
2026-03-17T17:58:16.830Z,market,trade,TESTE,100037.00160193146,104,,,,JPM,XP,,,
2026-03-17T17:58:17.004Z,market,trade,TESTE,100041.01401218104,152,,,,BTG,ITAU,,,
2026-03-17T17:58:17.174Z,market,trade,TESTE,100041.0186339836,92,,,,XP,BTG,,,
2026-03-17T17:58:17.341Z,market,trade,TESTE,100030.82510455095,27,,,,CS,BARCL,,,
2026-03-17T17:58:17.518Z,market,trade,TESTE,100037.60063529536,42,,,,CS,JPM,,,
2026-03-17T17:58:17.688Z,market,trade,TESTE,100025.0921266542,137,,,,ITAU,ITAU,,,
2026-03-17T17:58:17.856Z,market,trade,TESTE,100036.35197781747,187,,,,UBS,ITAU,,,
2026-03-17T17:58:18.009Z,market,trade,TESTE,100023.18656412896,59,,,,XP,CITI,,,
2026-03-17T17:58:18.168Z,market,trade,TESTE,100024.0601477984,58,,,,BTG,XP,,,
2026-03-17T17:58:18.325Z,market,trade,TESTE,100027.93079289958,159,,,,JPM,CITI,,,
2026-03-17T17:58:18.512Z,market,trade,TESTE,100023.25711332951,122,,,,BTG,BARCL,,,
2026-03-17T17:58:18.726Z,market,trade,TESTE,100037.1710377953,12,,,,ITAU,ITAU,,,
2026-03-17T17:58:18.933Z,market,trade,TESTE,100031.80636494706,7,,,,BTG,BTG,,,
2026-03-17T17:58:19.108Z,market,trade,TESTE,100039.390601451,90,,,,GOLDM,JPM,,,
2026-03-17T17:58:19.293Z,market,trade,TESTE,100040.10550360294,89,,,,GOLDM,BTG,,,
2026-03-17T17:58:19.457Z,market,trade,TESTE,100039.6175098976,105,,,,ITAU,BARCL,,,
2026-03-17T17:58:19.617Z,market,trade,TESTE,100038.29465606902,171,,,,CITI,MS,,,
2026-03-17T17:58:19.773Z,market,trade,TESTE,100024.59741779804,61,,,,BTG,MS,,,
2026-03-17T17:58:19.932Z,market,trade,TESTE,100036.90259897601,49,,,,MS,BTG,,,
2026-03-17T17:58:20.085Z,market,trade,TESTE,100030.30285550244,151,,,,BARCL,BARCL,,,
2026-03-17T17:58:20.241Z,market,trade,TESTE,100040.31089468439,37,,,,UBS,GOLDM,,,
2026-03-17T17:58:20.397Z,market,trade,TESTE,100035.12945503763,110,,,,CITI,ITAU,,,
2026-03-17T17:58:20.553Z,market,trade,TESTE,100039.1702086336,107,,,,MS,CS,,,
2026-03-17T17:58:20.706Z,market,trade,TESTE,100039.30505497956,13,,,,JPM,UBS,,,
2026-03-17T17:58:20.861Z,market,trade,TESTE,100045.42633330873,191,,,,UBS,BARCL,,,
2026-03-17T17:58:21.020Z,market,trade,TESTE,100031.36799734223,74,,,,GOLDM,UBS,,,
2026-03-17T17:58:21.176Z,market,trade,TESTE,100043.58011710015,72,,,,JPM,GOLDM,,,
2026-03-17T17:58:21.327Z,market,trade,TESTE,100030.23097124463,84,,,,MS,ITAU,,,
2026-03-17T17:58:21.484Z,market,trade,TESTE,100035.79043616337,30,,,,BTG,MS,,,
2026-03-17T17:58:21.639Z,market,trade,TESTE,100036.85764507229,40,,,,UBS,BTG,,,
2026-03-17T17:58:21.796Z,market,trade,TESTE,100028.45745209028,172,,,,XP,GOLDM,,,
2026-03-17T17:58:21.950Z,market,trade,TESTE,100030.16230581142,6,,,,UBS,MS,,,
2026-03-17T17:58:22.119Z,market,trade,TESTE,100032.89907467514,21,,,,XP,CS,,,
2026-03-17T17:58:22.280Z,market,trade,TESTE,100041.08418768576,23,,,,BARCL,CITI,,,
2026-03-17T17:58:22.440Z,market,trade,TESTE,100026.61314677059,173,,,,UBS,CITI,,,
2026-03-17T17:58:22.601Z,market,trade,TESTE,100025.11197689216,192,,,,CITI,JPM,,,
2026-03-17T17:58:22.794Z,market,trade,TESTE,100021.75004617132,102,,,,UBS,CITI,,,
2026-03-17T17:58:22.967Z,market,trade,TESTE,100026.03168139697,174,,,,MS,JPM,,,
2026-03-17T17:58:23.142Z,market,trade,TESTE,100038.66492575576,152,,,,CITI,GOLDM,,,
2026-03-17T17:58:23.310Z,market,trade,TESTE,100034.6858101046,127,,,,JPM,UBS,,,
2026-03-17T17:58:23.465Z,market,trade,TESTE,100027.4320072702,143,,,,MS,GOLDM,,,
2026-03-17T17:58:23.619Z,market,trade,TESTE,100022.47185237464,11,,,,CS,CITI,,,
2026-03-17T17:58:24.130Z,market,trade,TESTE,100027.70913021818,77,,,,BARCL,CS,,,
2026-03-17T17:58:24.262Z,market,trade,TESTE,100016.83988673413,34,,,,BARCL,JPM,,,
2026-03-17T17:58:24.418Z,market,trade,TESTE,100016.07245092685,165,,,,BARCL,MS,,,
2026-03-17T17:58:24.569Z,market,trade,TESTE,100024.62998364224,94,,,,ITAU,MS,,,
2026-03-17T17:58:24.723Z,market,trade,TESTE,100011.14010671606,124,,,,BARCL,XP,,,
2026-03-17T17:58:24.880Z,market,trade,TESTE,100016.12157792527,95,,,,CS,BTG,,,
2026-03-17T17:58:25.036Z,market,trade,TESTE,100024.93571560393,194,,,,BARCL,ITAU,,,
2026-03-17T17:58:25.193Z,market,trade,TESTE,100028.67613712614,16,,,,CS,CS,,,
2026-03-17T17:58:25.351Z,market,trade,TESTE,100018.73286476839,31,,,,JPM,JPM,,,
2026-03-17T17:58:25.503Z,market,trade,TESTE,100025.37088224456,27,,,,BARCL,CS,,,
2026-03-17T17:58:25.659Z,market,trade,TESTE,100022.13116515546,95,,,,CITI,CS,,,
2026-03-17T17:58:25.817Z,market,trade,TESTE,100025.11461738602,165,,,,CITI,GOLDM,,,
2026-03-17T17:58:25.970Z,market,trade,TESTE,100014.09092671376,172,,,,JPM,CITI,,,
2026-03-17T17:58:26.126Z,market,trade,TESTE,100023.4796680774,17,,,,BARCL,ITAU,,,
2026-03-17T17:58:26.282Z,market,trade,TESTE,100022.3889750878,129,,,,ITAU,CS,,,
2026-03-17T17:58:26.440Z,market,trade,TESTE,100012.92984608006,40,,,,BTG,XP,,,
2026-03-17T17:58:26.600Z,market,trade,TESTE,100013.13441022331,31,,,,BTG,BARCL,,,
2026-03-17T17:58:26.763Z,market,trade,TESTE,100009.34578772652,54,,,,MS,ITAU,,,
2026-03-17T17:58:26.917Z,market,trade,TESTE,100013.80292561669,106,,,,CS,CS,,,
2026-03-17T17:58:27.082Z,market,trade,TESTE,100014.1894319221,23,,,,GOLDM,XP,,,
2026-03-17T17:58:27.236Z,market,trade,TESTE,100011.96882352237,113,,,,CITI,XP,,,
2026-03-17T17:58:27.400Z,market,trade,TESTE,100020.6548771327,180,,,,ITAU,CITI,,,
2026-03-17T17:58:27.550Z,market,trade,TESTE,100018.87231812511,24,,,,BARCL,JPM,,,
2026-03-17T17:58:27.702Z,market,trade,TESTE,100010.42537603196,101,,,,BARCL,JPM,,,
2026-03-17T17:58:27.859Z,market,trade,TESTE,100011.48535628279,161,,,,MS,XP,,,
2026-03-17T17:58:28.019Z,market,trade,TESTE,100023.7883753082,126,,,,BARCL,GOLDM,,,
2026-03-17T17:58:28.180Z,market,trade,TESTE,100015.80640835059,122,,,,CITI,BARCL,,,
2026-03-17T17:58:28.332Z,market,trade,TESTE,100012.56876695946,197,,,,BARCL,CITI,,,
2026-03-17T17:58:28.483Z,market,trade,TESTE,100014.49339605332,163,,,,CITI,BARCL,,,
2026-03-17T17:58:28.639Z,market,trade,TESTE,100027.70992903027,166,,,,MS,CS,,,
2026-03-17T17:58:28.791Z,market,trade,TESTE,100026.80380651457,148,,,,JPM,ITAU,,,
2026-03-17T17:58:28.943Z,market,trade,TESTE,100025.99977408473,195,,,,MS,XP,,,
2026-03-17T17:58:29.098Z,market,trade,TESTE,100012.45868793598,34,,,,BTG,ITAU,,,
2026-03-17T17:58:29.253Z,market,trade,TESTE,100012.45573489508,24,,,,UBS,MS,,,
2026-03-17T17:58:29.415Z,market,trade,TESTE,100018.21713395997,104,,,,GOLDM,ITAU,,,
2026-03-17T17:58:29.567Z,market,trade,TESTE,100020.07139572357,122,,,,JPM,BTG,,,
2026-03-17T17:58:29.716Z,market,trade,TESTE,100018.15941048248,195,,,,CITI,GOLDM,,,
2026-03-17T17:58:29.881Z,market,trade,TESTE,100010.05989447628,124,,,,CITI,XP,,,
2026-03-17T17:58:30.032Z,market,trade,TESTE,100005.47475236357,87,,,,BARCL,BTG,,,
2026-03-17T17:58:30.197Z,market,trade,TESTE,100004.02820702891,171,,,,JPM,MS,,,
2026-03-17T17:58:30.348Z,market,trade,TESTE,100008.50764083274,23,,,,MS,UBS,,,
2026-03-17T17:58:30.499Z,market,trade,TESTE,100022.59710881913,144,,,,UBS,JPM,,,
2026-03-17T17:58:30.649Z,market,trade,TESTE,100015.40267849258,168,,,,JPM,GOLDM,,,
2026-03-17T17:58:30.800Z,market,trade,TESTE,100027.09582786543,73,,,,JPM,ITAU,,,
2026-03-17T17:58:30.966Z,market,trade,TESTE,100016.36944424015,168,,,,BARCL,XP,,,
2026-03-17T17:58:31.115Z,market,trade,TESTE,100030.8787906685,90,,,,ITAU,CITI,,,
2026-03-17T17:58:31.266Z,market,trade,TESTE,100028.97739947896,110,,,,JPM,ITAU,,,
2026-03-17T17:58:31.430Z,market,trade,TESTE,100020.20240111009,97,,,,JPM,XP,,,
2026-03-17T17:58:31.582Z,market,trade,TESTE,100022.59119401468,92,,,,CITI,GOLDM,,,
2026-03-17T17:58:31.733Z,market,trade,TESTE,100022.85996286027,54,,,,XP,JPM,,,
2026-03-17T17:58:31.892Z,market,trade,TESTE,100023.06078463659,46,,,,MS,JPM,,,
2026-03-17T17:58:32.049Z,market,trade,TESTE,100022.40269564655,29,,,,BTG,BTG,,,
2026-03-17T17:58:32.200Z,market,trade,TESTE,100029.46442940328,100,,,,CITI,BTG,,,
2026-03-17T17:58:32.362Z,market,trade,TESTE,100026.17969246098,18,,,,GOLDM,ITAU,,,
2026-03-17T17:58:32.517Z,market,trade,TESTE,100028.01575927703,51,,,,BARCL,BARCL,,,
2026-03-17T17:58:32.681Z,market,trade,TESTE,100026.41969516009,118,,,,UBS,MS,,,
2026-03-17T17:58:32.833Z,market,trade,TESTE,100023.92289932114,62,,,,ITAU,JPM,,,
2026-03-17T17:58:32.998Z,market,trade,TESTE,100019.23917991178,108,,,,UBS,CITI,,,
2026-03-17T17:58:33.148Z,market,trade,TESTE,100011.2641084575,198,,,,JPM,BTG,,,
2026-03-17T17:58:33.299Z,market,trade,TESTE,100006.98663388466,185,,,,BTG,GOLDM,,,
2026-03-17T17:58:33.449Z,market,trade,TESTE,100002.01483698445,52,,,,UBS,CITI,,,
2026-03-17T17:58:33.601Z,market,trade,TESTE,99997.97403973376,200,,,,MS,GOLDM,,,
2026-03-17T17:58:33.755Z,market,trade,TESTE,100005.61658083872,114,,,,XP,UBS,,,
2026-03-17T17:58:33.912Z,market,trade,TESTE,100008.99032037842,71,,,,JPM,BARCL,,,
2026-03-17T17:58:34.065Z,market,trade,TESTE,100005.77548515987,72,,,,BTG,BTG,,,
2026-03-17T17:58:34.216Z,market,trade,TESTE,100000.2445253514,38,,,,ITAU,GOLDM,,,
2026-03-17T17:58:34.367Z,market,trade,TESTE,100005.10584152961,165,,,,BARCL,GOLDM,,,
2026-03-17T17:58:34.531Z,market,trade,TESTE,100007.11732777904,152,,,,UBS,MS,,,
2026-03-17T17:58:34.682Z,market,trade,TESTE,100020.20138812959,176,,,,GOLDM,XP,,,
2026-03-17T17:58:34.840Z,market,trade,TESTE,100008.86506100126,78,,,,GOLDM,UBS,,,
2026-03-17T17:58:35.004Z,market,trade,TESTE,100005.65544063818,102,,,,BARCL,CS,,,
2026-03-17T17:58:35.165Z,market,trade,TESTE,100016.22421930326,195,,,,JPM,XP,,,
2026-03-17T17:58:35.322Z,market,trade,TESTE,100011.9780106117,177,,,,MS,CITI,,,
2026-03-17T17:58:35.479Z,market,trade,TESTE,100005.277892971,158,,,,XP,JPM,,,
2026-03-17T17:58:35.633Z,market,trade,TESTE,100007.45833351502,107,,,,BTG,MS,,,
2026-03-17T17:58:35.798Z,market,trade,TESTE,100009.6751022293,49,,,,BARCL,MS,,,
2026-03-17T17:58:35.962Z,market,trade,TESTE,100015.18661958407,190,,,,MS,XP,,,
2026-03-17T17:58:36.114Z,market,trade,TESTE,100005.14649066646,131,,,,BARCL,UBS,,,
2026-03-17T17:58:36.277Z,market,trade,TESTE,100015.16316310175,150,,,,BARCL,MS,,,
2026-03-17T17:58:36.432Z,market,trade,TESTE,100012.09300551683,155,,,,JPM,ITAU,,,
2026-03-17T17:58:36.583Z,market,trade,TESTE,100003.66027905483,17,,,,JPM,UBS,,,
2026-03-17T17:58:36.748Z,market,trade,TESTE,100006.6793572008,168,,,,UBS,BTG,,,
2026-03-17T17:58:36.899Z,market,trade,TESTE,100005.4853832291,112,,,,CITI,JPM,,,
2026-03-17T17:58:37.066Z,market,trade,TESTE,100016.8941539876,199,,,,CS,CS,,,
2026-03-17T17:58:37.231Z,market,trade,TESTE,100003.15155038652,173,,,,XP,ITAU,,,
2026-03-17T17:58:37.394Z,market,trade,TESTE,99998.29819477451,77,,,,JPM,XP,,,
2026-03-17T17:58:37.550Z,market,trade,TESTE,100012.79892889144,145,,,,ITAU,GOLDM,,,
2026-03-17T17:58:37.706Z,market,trade,TESTE,100016.7331941672,92,,,,CITI,BTG,,,
2026-03-17T17:58:37.871Z,market,trade,TESTE,100016.21197744166,66,,,,MS,BARCL,,,
2026-03-17T17:58:38.025Z,market,trade,TESTE,100002.98340607264,180,,,,BTG,UBS,,,
2026-03-17T17:58:38.178Z,market,trade,TESTE,100011.89886037569,177,,,,XP,MS,,,
2026-03-17T17:58:38.334Z,market,trade,TESTE,100003.82243866005,110,,,,GOLDM,BTG,,,
2026-03-17T17:58:38.494Z,market,trade,TESTE,100014.34712972023,197,,,,GOLDM,ITAU,,,
2026-03-17T17:58:38.651Z,market,trade,TESTE,100013.82463867753,186,,,,CS,ITAU,,,
2026-03-17T17:58:38.806Z,market,trade,TESTE,100002.90732124592,58,,,,JPM,BTG,,,
2026-03-17T17:58:38.961Z,market,trade,TESTE,100007.12678136447,53,,,,CITI,UBS,,,
2026-03-17T17:58:39.119Z,market,trade,TESTE,100018.70441157898,165,,,,XP,CITI,,,
2026-03-17T17:58:39.277Z,market,trade,TESTE,100008.64995232304,75,,,,XP,BARCL,,,
2026-03-17T17:58:39.439Z,market,trade,TESTE,100009.08585701372,123,,,,CS,UBS,,,
2026-03-17T17:58:39.595Z,market,trade,TESTE,100015.09975349448,162,,,,ITAU,BTG,,,
2026-03-17T17:58:39.766Z,market,trade,TESTE,100005.12318525599,59,,,,UBS,CS,,,
2026-03-17T17:58:39.930Z,market,trade,TESTE,100017.95483019287,37,,,,BARCL,CITI,,,
2026-03-17T17:58:40.094Z,market,trade,TESTE,100010.50683769675,47,,,,ITAU,XP,,,
2026-03-17T17:58:40.258Z,market,trade,TESTE,100014.73119021872,112,,,,ITAU,BTG,,,
2026-03-17T17:58:40.418Z,market,trade,TESTE,100011.78392784967,193,,,,BARCL,UBS,,,
2026-03-17T17:58:40.570Z,market,trade,TESTE,100022.8991163867,13,,,,ITAU,GOLDM,,,
2026-03-17T17:58:40.730Z,market,trade,TESTE,100015.63884437211,161,,,,BARCL,MS,,,
2026-03-17T17:58:40.885Z,market,trade,TESTE,100017.3858680425,71,,,,CS,MS,,,
2026-03-17T17:58:41.044Z,market,trade,TESTE,100013.74933159622,169,,,,ITAU,ITAU,,,
2026-03-17T17:58:41.201Z,market,trade,TESTE,100009.69226636065,134,,,,JPM,BTG,,,
2026-03-17T17:58:41.366Z,market,trade,TESTE,100011.61249716261,68,,,,BTG,BARCL,,,
2026-03-17T17:58:41.519Z,market,trade,TESTE,100006.7063835288,196,,,,CITI,BTG,,,
2026-03-17T17:58:41.675Z,market,trade,TESTE,100007.73896317967,91,,,,MS,CS,,,
2026-03-17T17:58:41.839Z,market,trade,TESTE,100015.25722126002,47,,,,MS,CITI,,,
2026-03-17T17:58:42.008Z,market,trade,TESTE,100015.43145812782,80,,,,JPM,JPM,,,
2026-03-17T17:58:42.160Z,market,trade,TESTE,100009.33988704973,38,,,,BARCL,BARCL,,,
2026-03-17T17:58:42.317Z,market,trade,TESTE,100017.09392130098,135,,,,MS,CITI,,,
2026-03-17T17:58:42.473Z,market,trade,TESTE,100005.04648132599,145,,,,XP,BARCL,,,
2026-03-17T17:58:42.628Z,market,trade,TESTE,100007.61128321922,144,,,,UBS,JPM,,,
2026-03-17T17:58:42.805Z,market,trade,TESTE,100011.13006602462,81,,,,CS,XP,,,
2026-03-17T17:58:42.969Z,market,trade,TESTE,100019.65189116077,16,,,,MS,MS,,,
2026-03-17T17:58:43.125Z,market,trade,TESTE,100010.08692296571,37,,,,CS,UBS,,,
2026-03-17T17:58:43.278Z,market,trade,TESTE,100011.95328345896,9,,,,UBS,ITAU,,,
2026-03-17T17:58:43.435Z,market,trade,TESTE,100016.60306690061,185,,,,CITI,BARCL,,,
2026-03-17T17:58:43.591Z,market,trade,TESTE,100022.77083528026,13,,,,BARCL,JPM,,,
2026-03-17T17:58:43.746Z,market,trade,TESTE,100021.78556325675,29,,,,CS,BTG,,,
2026-03-17T17:58:43.906Z,market,trade,TESTE,100025.71518990069,60,,,,MS,MS,,,
2026-03-17T17:58:44.062Z,market,trade,TESTE,100030.46436691273,137,,,,CS,MS,,,
2026-03-17T17:58:44.217Z,market,trade,TESTE,100026.02689833306,172,,,,CS,BTG,,,
2026-03-17T17:58:44.373Z,market,trade,TESTE,100026.00259833559,31,,,,CS,CS,,,
2026-03-17T17:58:44.527Z,market,trade,TESTE,100029.11508143248,23,,,,UBS,CS,,,
2026-03-17T17:58:44.683Z,market,trade,TESTE,100028.44462385724,175,,,,UBS,CS,,,
2026-03-17T17:58:44.841Z,market,trade,TESTE,100015.87878008575,155,,,,BARCL,JPM,,,
2026-03-17T17:58:44.996Z,market,trade,TESTE,100024.71826736629,191,,,,ITAU,BTG,,,
2026-03-17T17:58:45.152Z,market,trade,TESTE,100023.47222987928,144,,,,JPM,UBS,,,
2026-03-17T17:58:45.308Z,market,trade,TESTE,100015.07895474925,74,,,,GOLDM,UBS,,,
2026-03-17T17:58:45.463Z,market,trade,TESTE,100027.298803032,68,,,,CS,XP,,,
2026-03-17T17:58:45.619Z,market,trade,TESTE,100025.48136837877,155,,,,CITI,BARCL,,,
2026-03-17T17:58:45.779Z,market,trade,TESTE,100021.40392454759,55,,,,BTG,BTG,,,
2026-03-17T17:58:45.935Z,market,trade,TESTE,100008.84844188658,46,,,,ITAU,CITI,,,
2026-03-17T17:58:46.090Z,market,trade,TESTE,100015.54764911579,143,,,,GOLDM,CITI,,,
2026-03-17T17:58:46.248Z,market,trade,TESTE,100013.50726461089,124,,,,ITAU,GOLDM,,,
2026-03-17T17:58:46.404Z,market,trade,TESTE,100000.06500875673,103,,,,JPM,ITAU,,,
2026-03-17T17:58:46.560Z,market,trade,TESTE,100005.9985238101,47,,,,UBS,CITI,,,
2026-03-17T17:58:46.717Z,market,trade,TESTE,100002.64756796099,70,,,,JPM,CS,,,
2026-03-17T17:58:46.873Z,market,trade,TESTE,100000.73874502153,139,,,,ITAU,GOLDM,,,
2026-03-17T17:58:47.029Z,market,trade,TESTE,100004.63060151409,140,,,,ITAU,GOLDM,,,
2026-03-17T17:58:47.186Z,market,trade,TESTE,99997.72856694197,137,,,,CITI,GOLDM,,,
2026-03-17T17:58:47.340Z,market,trade,TESTE,100007.51056817488,5,,,,JPM,GOLDM,,,
2026-03-17T17:58:47.496Z,market,trade,TESTE,99999.52122718225,187,,,,CS,GOLDM,,,
2026-03-17T17:58:47.651Z,market,trade,TESTE,99994.95579355175,62,,,,ITAU,UBS,,,
2026-03-17T17:58:47.810Z,market,trade,TESTE,100002.361104273,139,,,,CITI,UBS,,,
2026-03-17T17:58:47.967Z,market,trade,TESTE,100005.97531028578,21,,,,GOLDM,XP,,,
2026-03-17T17:58:48.122Z,market,trade,TESTE,100002.11942325455,49,,,,XP,CS,,,
2026-03-17T17:58:48.278Z,market,trade,TESTE,99989.22609159879,127,,,,MS,UBS,,,
2026-03-17T17:58:48.433Z,market,trade,TESTE,100002.85536630554,117,,,,GOLDM,GOLDM,,,
2026-03-17T17:58:48.589Z,market,trade,TESTE,99991.93870436422,136,,,,CS,BTG,,,
2026-03-17T17:58:48.748Z,market,trade,TESTE,100000.70884504948,62,,,,JPM,CITI,,,
2026-03-17T17:58:48.903Z,market,trade,TESTE,99995.82498870626,147,,,,BARCL,CS,,,
2026-03-17T17:58:49.059Z,market,trade,TESTE,99992.14106327396,123,,,,GOLDM,JPM,,,
2026-03-17T17:58:49.214Z,market,trade,TESTE,99990.03323730732,120,,,,UBS,GOLDM,,,
2026-03-17T17:58:49.369Z,market,trade,TESTE,99977.88289196946,67,,,,UBS,XP,,,
2026-03-17T17:58:49.526Z,market,trade,TESTE,99977.04836765138,112,,,,UBS,XP,,,
2026-03-17T17:58:49.681Z,market,trade,TESTE,99975.92145457027,185,,,,XP,BARCL,,,
2026-03-17T17:58:49.840Z,market,trade,TESTE,99987.42916924624,151,,,,BARCL,BARCL,,,
2026-03-17T17:58:49.995Z,market,trade,TESTE,99991.83509500553,166,,,,JPM,CITI,,,
2026-03-17T17:58:50.151Z,market,trade,TESTE,99986.30433310498,147,,,,BARCL,CS,,,
2026-03-17T17:58:50.307Z,market,trade,TESTE,99988.81100067477,125,,,,BTG,BTG,,,
2026-03-17T17:58:50.461Z,market,trade,TESTE,99990.58717634343,57,,,,XP,ITAU,,,
2026-03-17T17:58:50.618Z,market,trade,TESTE,99986.98644920412,174,,,,JPM,CITI,,,
2026-03-17T17:58:50.775Z,market,trade,TESTE,99988.34061295286,115,,,,GOLDM,ITAU,,,
2026-03-17T17:58:50.931Z,market,trade,TESTE,99993.3434330822,114,,,,XP,ITAU,,,
2026-03-17T17:58:51.087Z,market,trade,TESTE,99989.5609819837,130,,,,CS,JPM,,,
2026-03-17T17:58:51.245Z,market,trade,TESTE,99990.92229853188,144,,,,BTG,BARCL,,,
2026-03-17T17:58:51.401Z,market,trade,TESTE,99995.53398508277,180,,,,JPM,JPM,,,
2026-03-17T17:58:51.557Z,market,trade,TESTE,99999.2002935426,39,,,,ITAU,XP,,,
2026-03-17T17:58:51.711Z,market,trade,TESTE,99999.59953536103,193,,,,CS,GOLDM,,,
2026-03-17T17:58:51.871Z,market,trade,TESTE,99992.7134565178,39,,,,GOLDM,MS,,,
2026-03-17T17:58:52.024Z,market,trade,TESTE,99988.02624109911,15,,,,XP,CS,,,
2026-03-17T17:58:52.181Z,market,trade,TESTE,99998.07906377388,58,,,,ITAU,JPM,,,
2026-03-17T17:58:52.336Z,market,trade,TESTE,99986.17859758754,44,,,,JPM,BARCL,,,
2026-03-17T17:58:52.491Z,market,trade,TESTE,99983.70734240439,110,,,,CS,CITI,,,
2026-03-17T17:58:52.650Z,market,trade,TESTE,99985.20602119897,86,,,,CITI,XP,,,
2026-03-17T17:58:52.805Z,market,trade,TESTE,99998.46211062054,14,,,,XP,CITI,,,
2026-03-17T17:58:52.960Z,market,trade,TESTE,99989.82526816842,25,,,,ITAU,XP,,,
2026-03-17T17:58:53.115Z,market,trade,TESTE,99995.37721354763,114,,,,BTG,BTG,,,
2026-03-17T17:58:53.271Z,market,trade,TESTE,99993.00241081003,39,,,,BTG,UBS,,,
2026-03-17T17:58:53.431Z,market,trade,TESTE,99980.24652824203,118,,,,JPM,ITAU,,,
2026-03-17T17:58:53.585Z,market,trade,TESTE,99978.52522703276,199,,,,ITAU,ITAU,,,
2026-03-17T17:58:53.741Z,market,trade,TESTE,99981.8462203053,127,,,,BARCL,XP,,,
2026-03-17T17:58:53.897Z,market,trade,TESTE,99983.93802408103,90,,,,UBS,ITAU,,,
2026-03-17T17:58:54.053Z,market,trade,TESTE,99989.8145577108,99,,,,CS,CS,,,
2026-03-17T17:58:54.210Z,market,trade,TESTE,99983.68562623105,41,,,,GOLDM,MS,,,
2026-03-17T17:58:54.366Z,market,trade,TESTE,99994.51538276295,110,,,,CS,XP,,,
2026-03-17T17:58:54.522Z,market,trade,TESTE,99990.3145633704,179,,,,JPM,MS,,,
2026-03-17T17:58:54.679Z,market,trade,TESTE,99983.72696171414,12,,,,BARCL,BARCL,,,
2026-03-17T17:58:54.835Z,market,trade,TESTE,99997.54792443634,20,,,,XP,ITAU,,,
2026-03-17T17:58:54.989Z,market,trade,TESTE,100000.23967789323,192,,,,GOLDM,CS,,,
2026-03-17T17:58:55.146Z,market,trade,TESTE,99986.54880196227,113,,,,XP,GOLDM,,,
2026-03-17T17:58:55.298Z,market,trade,TESTE,99983.62752992645,45,,,,GOLDM,BTG,,,
2026-03-17T17:58:55.462Z,market,trade,TESTE,99988.7212146805,165,,,,BARCL,XP,,,
2026-03-17T17:58:55.616Z,market,trade,TESTE,99985.8391349797,89,,,,JPM,ITAU,,,
2026-03-17T17:58:55.781Z,market,trade,TESTE,99989.31456945954,90,,,,BARCL,BTG,,,
2026-03-17T17:58:55.947Z,market,trade,TESTE,99992.04908753309,111,,,,ITAU,XP,,,
2026-03-17T17:58:56.098Z,market,trade,TESTE,99994.17302230674,113,,,,CITI,JPM,,,
2026-03-17T17:58:56.249Z,market,trade,TESTE,99984.73907054338,83,,,,UBS,UBS,,,
2026-03-17T17:58:56.401Z,market,trade,TESTE,99986.93807574901,136,,,,CS,CS,,,
2026-03-17T17:58:56.564Z,market,trade,TESTE,99987.51843972366,140,,,,UBS,BTG,,,
2026-03-17T17:58:56.714Z,market,trade,TESTE,99990.03583722786,18,,,,UBS,GOLDM,,,
2026-03-17T17:58:56.865Z,market,trade,TESTE,99995.72188468908,15,,,,CS,BTG,,,
2026-03-17T17:58:57.022Z,market,trade,TESTE,99991.92401661265,175,,,,BARCL,CS,,,
2026-03-17T17:58:57.177Z,market,trade,TESTE,99983.10152298912,68,,,,MS,CS,,,
2026-03-17T17:58:57.332Z,market,trade,TESTE,99978.15012074227,129,,,,BARCL,XP,,,
2026-03-17T17:58:57.488Z,market,trade,TESTE,99983.73496660718,116,,,,XP,BARCL,,,
2026-03-17T17:58:57.646Z,market,trade,TESTE,99973.23920382399,40,,,,CS,ITAU,,,
2026-03-17T17:58:57.806Z,market,trade,TESTE,99986.26455472378,176,,,,BTG,JPM,,,
2026-03-17T17:58:57.973Z,market,trade,TESTE,99985.93477744458,145,,,,MS,GOLDM,,,
2026-03-17T17:58:58.131Z,market,trade,TESTE,99979.08881031197,23,,,,MS,GOLDM,,,
2026-03-17T17:58:58.282Z,market,trade,TESTE,99989.25662788952,30,,,,UBS,MS,,,
2026-03-17T17:58:58.448Z,market,trade,TESTE,99990.2978532244,39,,,,GOLDM,CS,,,
2026-03-17T17:58:58.598Z,market,trade,TESTE,99983.78465283898,24,,,,GOLDM,CITI,,,
2026-03-17T17:58:58.764Z,market,trade,TESTE,99987.55087625772,193,,,,BTG,GOLDM,,,
2026-03-17T17:58:58.929Z,market,trade,TESTE,99989.78711961464,25,,,,CITI,ITAU,,,
2026-03-17T17:58:59.080Z,market,trade,TESTE,99994.47555876955,186,,,,MS,XP,,,
2026-03-17T17:58:59.231Z,market,trade,TESTE,99993.10920408643,169,,,,JPM,XP,,,
2026-03-17T17:58:59.382Z,market,trade,TESTE,99989.37222889584,27,,,,JPM,CITI,,,
2026-03-17T17:58:59.547Z,market,trade,TESTE,99995.73162486852,40,,,,XP,MS,,,
2026-03-17T17:58:59.699Z,market,trade,TESTE,99983.99688732983,93,,,,UBS,ITAU,,,
2026-03-17T17:58:59.864Z,market,trade,TESTE,99981.57221648621,168,,,,BARCL,BTG,,,
2026-03-17T17:59:00.015Z,market,trade,TESTE,99985.04883883265,58,,,,MS,BTG,,,
2026-03-17T17:59:00.165Z,market,trade,TESTE,99991.86453091861,170,,,,UBS,BTG,,,
2026-03-17T17:59:00.330Z,market,trade,TESTE,99977.55064895158,42,,,,BTG,GOLDM,,,
2026-03-17T17:59:00.482Z,market,trade,TESTE,99991.93837339449,175,,,,XP,MS,,,
2026-03-17T17:59:00.632Z,market,trade,TESTE,99989.09378478772,103,,,,CITI,ITAU,,,
2026-03-17T17:59:00.792Z,market,trade,TESTE,99978.33030327,170,,,,BARCL,UBS,,,
2026-03-17T17:59:00.947Z,market,trade,TESTE,99986.03873466267,165,,,,JPM,JPM,,,
2026-03-17T17:59:01.098Z,market,trade,TESTE,99974.28193236895,65,,,,XP,CS,,,
2026-03-17T17:59:01.261Z,market,trade,TESTE,99982.34169670641,10,,,,CS,XP,,,
2026-03-17T17:59:01.416Z,market,trade,TESTE,99983.73478505231,24,,,,BARCL,GOLDM,,,
2026-03-17T17:59:01.580Z,market,trade,TESTE,99973.52196566969,173,,,,UBS,MS,,,
2026-03-17T17:59:01.733Z,market,trade,TESTE,99981.61443426026,150,,,,BTG,UBS,,,
2026-03-17T17:59:01.896Z,market,trade,TESTE,99980.69338015554,105,,,,UBS,JPM,,,
2026-03-17T17:59:02.047Z,market,trade,TESTE,99967.37054688422,69,,,,JPM,JPM,,,
2026-03-17T17:59:02.198Z,market,trade,TESTE,99975.80913840154,101,,,,MS,ITAU,,,
2026-03-17T17:59:02.363Z,market,trade,TESTE,99965.70010245283,86,,,,XP,ITAU,,,
2026-03-17T17:59:02.515Z,market,trade,TESTE,99966.76194844257,142,,,,UBS,JPM,,,
2026-03-17T17:59:02.666Z,market,trade,TESTE,99978.89757092614,147,,,,GOLDM,ITAU,,,
2026-03-17T17:59:02.830Z,market,trade,TESTE,99982.71033655749,199,,,,BARCL,CS,,,
2026-03-17T17:59:02.986Z,market,trade,TESTE,99982.95245670353,171,,,,BTG,MS,,,
2026-03-17T17:59:03.143Z,market,trade,TESTE,99976.26555155165,15,,,,UBS,MS,,,
2026-03-17T17:59:03.300Z,market,trade,TESTE,99974.41766388765,105,,,,BTG,MS,,,
2026-03-17T17:59:03.463Z,market,trade,TESTE,99983.32545471871,137,,,,XP,GOLDM,,,
2026-03-17T17:59:03.615Z,market,trade,TESTE,99982.3427638039,167,,,,MS,CITI,,,
2026-03-17T17:59:03.782Z,market,trade,TESTE,99978.12020091216,57,,,,BARCL,CITI,,,
2026-03-17T17:59:03.933Z,market,trade,TESTE,99981.78489772925,6,,,,GOLDM,XP,,,
2026-03-17T17:59:04.098Z,market,trade,TESTE,99975.80781759165,152,,,,CITI,JPM,,,
2026-03-17T17:59:04.261Z,market,trade,TESTE,99971.05784905217,157,,,,XP,UBS,,,
2026-03-17T17:59:04.415Z,market,trade,TESTE,99974.65167146333,195,,,,CS,GOLDM,,,
2026-03-17T17:59:04.578Z,market,trade,TESTE,99980.32234129275,190,,,,MS,GOLDM,,,
2026-03-17T17:59:04.729Z,market,trade,TESTE,99966.76755396689,43,,,,BARCL,CITI,,,
2026-03-17T17:59:04.895Z,market,trade,TESTE,99967.32377498603,99,,,,GOLDM,XP,,,
2026-03-17T17:59:05.047Z,market,trade,TESTE,99974.55082444672,199,,,,ITAU,CS,,,
2026-03-17T17:59:05.213Z,market,trade,TESTE,99961.59675057465,27,,,,BTG,MS,,,
2026-03-17T17:59:05.364Z,market,trade,TESTE,99973.15409454655,145,,,,MS,UBS,,,
2026-03-17T17:59:05.515Z,market,trade,TESTE,99971.0030854553,97,,,,BTG,GOLDM,,,
2026-03-17T17:59:05.678Z,market,trade,TESTE,99965.96832808606,149,,,,CITI,JPM,,,
2026-03-17T17:59:05.831Z,market,trade,TESTE,99960.9895717471,94,,,,JPM,UBS,,,
2026-03-17T17:59:05.982Z,market,trade,TESTE,99956.15027777715,195,,,,UBS,BTG,,,
2026-03-17T17:59:06.133Z,market,trade,TESTE,99954.83241312881,91,,,,CS,JPM,,,
2026-03-17T17:59:06.296Z,market,trade,TESTE,99962.51074782385,80,,,,ITAU,BTG,,,
2026-03-17T17:59:06.461Z,market,trade,TESTE,99959.33260962502,48,,,,MS,JPM,,,
2026-03-17T17:59:06.615Z,market,trade,TESTE,99951.59834411513,197,,,,XP,UBS,,,
2026-03-17T17:59:06.778Z,market,trade,TESTE,99957.48955935771,177,,,,JPM,UBS,,,
2026-03-17T17:59:06.933Z,market,trade,TESTE,99949.57823550692,103,,,,JPM,CITI,,,
2026-03-17T17:59:07.095Z,market,trade,TESTE,99954.9478910751,34,,,,ITAU,XP,,,
2026-03-17T17:59:07.257Z,market,trade,TESTE,99941.79744080271,39,,,,UBS,CITI,,,
2026-03-17T17:59:07.408Z,market,trade,TESTE,99954.86924896127,143,,,,GOLDM,ITAU,,,
2026-03-17T17:59:07.565Z,market,trade,TESTE,99944.67859409195,27,,,,CITI,ITAU,,,
2026-03-17T17:59:07.737Z,market,trade,TESTE,99945.70418102651,198,,,,XP,ITAU,,,
2026-03-17T17:59:07.896Z,market,trade,TESTE,99958.55545480437,128,,,,JPM,BTG,,,
2026-03-17T17:59:08.051Z,market,trade,TESTE,99951.31063389404,119,,,,MS,UBS,,,
2026-03-17T17:59:08.207Z,market,trade,TESTE,99962.17699444511,23,,,,BTG,BTG,,,
2026-03-17T17:59:08.365Z,market,trade,TESTE,99953.01001294775,82,,,,ITAU,GOLDM,,,
2026-03-17T17:59:08.522Z,market,trade,TESTE,99948.99459319646,157,,,,UBS,BARCL,,,
2026-03-17T17:59:08.682Z,market,trade,TESTE,99950.01258737149,114,,,,CS,JPM,,,
2026-03-17T17:59:08.839Z,market,trade,TESTE,99950.94739090119,88,,,,GOLDM,JPM,,,
2026-03-17T17:59:08.996Z,market,trade,TESTE,99962.53698921317,130,,,,JPM,UBS,,,
2026-03-17T17:59:09.147Z,market,trade,TESTE,99949.08297190096,17,,,,MS,ITAU,,,
2026-03-17T17:59:09.298Z,market,trade,TESTE,99959.83456832942,191,,,,XP,BTG,,,
2026-03-17T17:59:09.449Z,market,trade,TESTE,99961.44483732483,71,,,,XP,MS,,,
2026-03-17T17:59:09.600Z,market,trade,TESTE,99958.61777090479,190,,,,GOLDM,XP,,,
2026-03-17T17:59:09.758Z,market,trade,TESTE,99948.87660252862,90,,,,ITAU,BTG,,,
2026-03-17T17:59:09.913Z,market,trade,TESTE,99944.11255956045,194,,,,ITAU,ITAU,,,
2026-03-17T17:59:10.063Z,market,trade,TESTE,99946.05510050771,112,,,,BTG,GOLDM,,,
2026-03-17T17:59:10.226Z,market,trade,TESTE,99941.75299955453,86,,,,JPM,BARCL,,,
2026-03-17T17:59:10.381Z,market,trade,TESTE,99955.9285766823,199,,,,BARCL,MS,,,
2026-03-17T17:59:10.546Z,market,trade,TESTE,99941.56364016926,149,,,,CITI,BARCL,,,
2026-03-17T17:59:10.699Z,market,trade,TESTE,99941.7282685899,136,,,,CS,MS,,,
2026-03-17T17:59:10.865Z,market,trade,TESTE,99949.9453325728,88,,,,CS,UBS,,,
2026-03-17T17:59:11.016Z,market,trade,TESTE,99952.92966499616,83,,,,CITI,XP,,,
2026-03-17T17:59:11.178Z,market,trade,TESTE,99939.18119206262,185,,,,ITAU,ITAU,,,
2026-03-17T17:59:11.329Z,market,trade,TESTE,99953.83919764387,6,,,,ITAU,XP,,,
2026-03-17T17:59:11.484Z,market,trade,TESTE,99953.89525089668,62,,,,GOLDM,BARCL,,,
