ts,topic,type,ticker,price,qty,agent,rule,label,buy_agent,sell_agent,previous_delta,current_delta,agent_name
2026-03-15T22:46:06.391Z,market,trade,WINFUT,179900.0,3,,,,XP Investimentos CCTVM S/A,BTG Pactual CTVM S.A.,,,
2026-03-15T22:51:37.912Z,market,trade,WINFUT,179900.0,3,,,,XP Investimentos CCTVM S/A,BTG Pactual CTVM S.A.,,,
2026-03-15T22:52:05.528Z,market,trade,TESTE,100006.09685661293,200,,,,1009,1013,,,
2026-03-15T22:52:05.932Z,market,trade,TESTE,99997.61144561273,130,,,,1008,1015,,,
2026-03-15T22:52:06.345Z,market,trade,TESTE,99999.65185209109,76,,,,1003,1010,,,
2026-03-15T22:52:06.748Z,market,trade,TESTE,100003.34358484947,166,,,,1004,1016,,,
2026-03-15T22:52:07.149Z,market,trade,TESTE,100009.83158882923,199,,,,1005,1016,,,
2026-03-15T22:52:07.571Z,market,trade,TESTE,99999.51659237643,65,,,,1005,1010,,,
2026-03-15T22:52:07.971Z,market,trade,TESTE,100013.64003128467,68,,,,1000,1013,,,
2026-03-15T22:52:08.388Z,market,trade,TESTE,100003.83302213295,154,,,,1004,1015,,,
2026-03-15T22:52:08.792Z,market,trade,TESTE,100009.53395167479,80,,,,1001,1013,,,
2026-03-15T22:52:09.207Z,market,trade,TESTE,100012.52277011186,129,,,,1003,1016,,,
2026-03-15T22:52:09.608Z,market,trade,TESTE,99999.90002991221,21,,,,1003,1015,,,
2026-03-15T22:52:10.011Z,market,trade,TESTE,100007.52314496317,44,,,,1003,1015,,,
2026-03-15T22:52:10.412Z,market,trade,TESTE,99999.82379377872,194,,,,1006,1013,,,
2026-03-15T22:52:10.828Z,market,trade,TESTE,100003.4303019659,9,,,,1007,1010,,,
2026-03-15T22:52:11.244Z,market,trade,TESTE,100016.15954817392,140,,,,1002,1015,,,
2026-03-15T22:52:11.649Z,market,trade,TESTE,100019.03172599104,60,,,,1008,1019,,,
2026-03-15T22:52:12.052Z,market,trade,TESTE,100014.15207386231,34,,,,1008,1017,,,
2026-03-15T22:52:12.467Z,market,trade,TESTE,100008.99552074315,44,,,,1001,1013,,,
2026-03-15T22:52:12.868Z,market,trade,TESTE,100007.45953360898,38,,,,1001,1010,,,
2026-03-15T22:52:13.272Z,market,trade,TESTE,100004.58511566794,80,,,,1002,1014,,,
2026-03-15T22:52:13.672Z,market,trade,TESTE,100018.48339924746,80,,,,1003,1013,,,
2026-03-15T22:52:14.087Z,market,trade,TESTE,100010.75560662059,186,,,,1009,1018,,,
2026-03-15T22:52:14.492Z,market,trade,TESTE,100016.02620298848,109,,,,1004,1010,,,
2026-03-15T22:52:14.904Z,market,trade,TESTE,100016.49684342573,25,,,,1007,1011,,,
2026-03-15T22:52:15.309Z,market,trade,TESTE,100009.01951654369,52,,,,1004,1012,,,
2026-03-15T22:52:15.712Z,market,trade,TESTE,100007.39197692684,114,,,,1002,1018,,,
2026-03-15T22:52:16.127Z,market,trade,TESTE,100011.07522571443,48,,,,1000,1010,,,
2026-03-15T22:52:16.532Z,market,trade,TESTE,100018.69039770697,58,,,,1008,1013,,,
2026-03-15T22:52:16.948Z,market,trade,TESTE,100018.08530798173,151,,,,1000,1018,,,
2026-03-15T22:52:17.352Z,market,trade,TESTE,100021.54104209019,145,,,,1005,1018,,,
2026-03-15T22:52:17.769Z,market,trade,TESTE,100009.53122488082,78,,,,1000,1015,,,
2026-03-15T22:52:18.172Z,market,trade,TESTE,100008.20268263067,27,,,,1001,1015,,,
2026-03-15T22:52:18.572Z,market,trade,TESTE,100010.58817324357,47,,,,1004,1011,,,
2026-03-15T22:52:18.983Z,market,trade,TESTE,100016.61601608878,38,,,,1001,1016,,,
2026-03-15T22:52:19.387Z,market,trade,TESTE,100008.49779181172,50,,,,1009,1013,,,
2026-03-15T22:52:19.791Z,market,trade,TESTE,100009.05027896543,65,,,,1003,1019,,,
2026-03-15T22:52:20.192Z,market,trade,TESTE,100022.90027355644,172,,,,1003,1016,,,
2026-03-15T22:52:20.592Z,market,trade,TESTE,100018.81865398568,44,,,,1003,1013,,,
2026-03-15T22:52:20.993Z,market,trade,TESTE,100018.39464906784,174,,,,1003,1011,,,
2026-03-15T22:52:21.394Z,market,trade,TESTE,100004.2426735655,115,,,,1009,1019,,,
2026-03-15T22:52:21.807Z,market,trade,TESTE,100007.85757484686,135,,,,1005,1011,,,
2026-03-15T22:52:22.212Z,market,trade,TESTE,100006.06898048852,74,,,,1009,1013,,,
2026-03-15T22:52:22.627Z,market,trade,TESTE,100018.48189082173,150,,,,1004,1010,,,
2026-03-15T22:52:23.042Z,market,trade,TESTE,100005.18816324479,186,,,,1004,1012,,,
2026-03-15T22:52:23.444Z,market,trade,TESTE,100010.15146253361,154,,,,1009,1017,,,
2026-03-15T22:52:23.847Z,market,trade,TESTE,100021.74614323076,67,,,,1000,1013,,,
2026-03-15T22:52:24.252Z,market,trade,TESTE,100022.37883797564,173,,,,1009,1011,,,
2026-03-15T22:52:24.657Z,market,trade,TESTE,100022.10101677633,38,,,,1007,1011,,,
2026-03-15T22:52:25.078Z,market,trade,TESTE,100010.38330031079,88,,,,1006,1014,,,
2026-03-15T22:52:25.480Z,market,trade,TESTE,100007.51904667358,12,,,,1005,1012,,,
2026-03-15T22:52:25.894Z,market,trade,TESTE,100014.55385950372,24,,,,1001,1010,,,
2026-03-15T22:52:26.295Z,market,trade,TESTE,100003.51258038051,121,,,,1003,1014,,,
2026-03-15T22:52:26.712Z,market,trade,TESTE,99998.58646486509,164,,,,1000,1011,,,
2026-03-15T22:52:27.121Z,market,trade,TESTE,100012.44675599523,111,,,,1009,1015,,,
2026-03-15T22:52:27.534Z,market,trade,TESTE,100016.88593752174,80,,,,1002,1013,,,
2026-03-15T22:52:27.937Z,market,trade,TESTE,100020.58994646795,155,,,,1008,1018,,,
2026-03-15T22:52:28.338Z,market,trade,TESTE,100007.45485436298,113,,,,1009,1014,,,
2026-03-15T22:52:28.747Z,market,trade,TESTE,100004.88327639663,182,,,,1005,1019,,,
2026-03-15T22:52:29.151Z,market,trade,TESTE,100006.52459233497,52,,,,1007,1015,,,
2026-03-15T22:52:29.562Z,market,trade,TESTE,100001.85780753137,160,,,,1000,1019,,,
2026-03-15T22:52:29.967Z,market,trade,TESTE,100009.52137432319,11,,,,1005,1013,,,
2026-03-15T22:52:30.371Z,market,trade,TESTE,100013.9022618172,136,,,,1002,1014,,,
2026-03-15T22:52:30.773Z,market,trade,TESTE,100003.08933412729,85,,,,1005,1018,,,
2026-03-15T22:52:31.187Z,market,trade,TESTE,99999.76304847932,99,,,,1004,1012,,,
2026-03-15T22:52:31.589Z,market,trade,TESTE,99997.70195790847,141,,,,1001,1016,,,
2026-03-15T22:52:31.991Z,market,trade,TESTE,100001.55101989361,90,,,,1008,1013,,,
2026-03-15T22:52:32.393Z,market,trade,TESTE,100012.52188320532,68,,,,1003,1011,,,
2026-03-15T22:52:32.794Z,market,trade,TESTE,100012.98953995148,165,,,,1005,1014,,,
2026-03-15T22:52:33.200Z,market,trade,TESTE,100016.72681140268,166,,,,1004,1011,,,
2026-03-15T22:52:33.607Z,market,trade,TESTE,100020.87967916872,171,,,,1000,1011,,,
2026-03-15T22:52:34.021Z,market,trade,TESTE,100018.04000376689,171,,,,1000,1013,,,
2026-03-15T22:52:34.434Z,market,trade,TESTE,100005.24155643757,114,,,,1004,1017,,,
2026-03-15T22:52:34.838Z,market,trade,TESTE,100006.14352149365,182,,,,1004,1018,,,
2026-03-15T22:52:35.251Z,market,trade,TESTE,100002.50615890839,77,,,,1004,1013,,,
2026-03-15T22:52:35.659Z,market,trade,TESTE,100003.05272964208,10,,,,1007,1016,,,
2026-03-15T22:52:36.059Z,market,trade,TESTE,100014.14585322015,160,,,,1005,1010,,,
2026-03-15T22:52:36.474Z,market,trade,TESTE,100004.40097905775,92,,,,1003,1018,,,
2026-03-15T22:52:36.886Z,market,trade,TESTE,100012.34413210061,9,,,,1000,1015,,,
2026-03-15T22:52:37.295Z,market,trade,TESTE,100009.38172407539,138,,,,1001,1016,,,
2026-03-15T22:52:37.702Z,market,trade,TESTE,99999.29612226499,16,,,,1007,1016,,,
2026-03-15T22:52:38.110Z,market,trade,TESTE,99994.53501849544,42,,,,1007,1018,,,
2026-03-15T22:52:38.524Z,market,trade,TESTE,100004.81548545125,88,,,,1006,1018,,,
2026-03-15T22:52:38.928Z,market,trade,TESTE,100004.52065700479,176,,,,1002,1016,,,
2026-03-15T22:52:39.338Z,market,trade,TESTE,100000.37865523534,176,,,,1006,1012,,,
2026-03-15T22:52:39.752Z,market,trade,TESTE,99985.51417825733,181,,,,1004,1015,,,
2026-03-15T22:52:40.164Z,market,trade,TESTE,99989.1444328251,152,,,,1007,1018,,,
2026-03-15T22:52:40.581Z,market,trade,TESTE,99995.69935173266,153,,,,1001,1018,,,
2026-03-15T22:52:40.994Z,market,trade,TESTE,100000.43483329797,31,,,,1000,1014,,,
2026-03-15T22:52:41.400Z,market,trade,TESTE,99990.85171945576,160,,,,1006,1010,,,
2026-03-15T22:52:41.812Z,market,trade,TESTE,99988.44006734525,200,,,,1009,1012,,,
2026-03-15T22:52:42.221Z,market,trade,TESTE,99996.50824570828,136,,,,1007,1012,,,
2026-03-15T22:52:42.637Z,market,trade,TESTE,99991.03912930164,130,,,,1007,1010,,,
2026-03-15T22:52:43.045Z,market,trade,TESTE,99999.46565250146,158,,,,1002,1014,,,
2026-03-15T22:52:43.450Z,market,trade,TESTE,99994.88292528116,113,,,,1002,1013,,,
2026-03-15T22:52:43.854Z,market,trade,TESTE,99993.25977841903,52,,,,1000,1014,,,
2026-03-15T22:52:44.261Z,market,trade,TESTE,99994.4831335539,133,,,,1007,1014,,,
2026-03-15T22:52:44.670Z,market,trade,TESTE,99991.40102299581,158,,,,1002,1012,,,
2026-03-15T22:52:45.081Z,market,trade,TESTE,99993.7944988619,8,,,,1009,1013,,,
2026-03-15T22:52:45.496Z,market,trade,TESTE,99997.2296871535,89,,,,1008,1010,,,
2026-03-15T22:52:45.901Z,market,trade,TESTE,99995.44328433894,124,,,,1001,1018,,,
2026-03-15T22:52:46.306Z,market,trade,TESTE,99984.77951233232,73,,,,1007,1012,,,
2026-03-15T22:52:46.708Z,market,trade,TESTE,99983.75094572428,120,,,,1006,1019,,,
2026-03-15T22:52:47.121Z,market,trade,TESTE,99979.51307327482,113,,,,1003,1010,,,
2026-03-15T22:52:47.522Z,market,trade,TESTE,99988.6338505619,195,,,,1000,1014,,,
2026-03-15T22:52:47.929Z,market,trade,TESTE,99982.2767123188,30,,,,1008,1018,,,
2026-03-15T22:52:48.335Z,market,trade,TESTE,99997.18077387904,184,,,,1004,1014,,,
2026-03-15T22:52:48.744Z,market,trade,TESTE,99990.68935548542,84,,,,1009,1016,,,
2026-03-15T22:52:49.160Z,market,trade,TESTE,99989.79529091011,16,,,,1005,1010,,,
2026-03-15T22:52:49.577Z,market,trade,TESTE,99989.2660284175,20,,,,1004,1011,,,
2026-03-15T22:52:49.981Z,market,trade,TESTE,99988.27156498637,32,,,,1001,1018,,,
2026-03-15T22:52:50.384Z,market,trade,TESTE,99999.23346873285,105,,,,1006,1018,,,
2026-03-15T22:52:50.797Z,market,trade,TESTE,99993.6744656002,131,,,,1004,1012,,,
2026-03-15T22:52:51.203Z,market,trade,TESTE,99994.66652957858,166,,,,1007,1016,,,
2026-03-15T22:52:51.612Z,market,trade,TESTE,99997.35558971242,83,,,,1006,1019,,,
2026-03-15T22:52:52.026Z,market,trade,TESTE,99994.45690042937,39,,,,1009,1016,,,
2026-03-15T22:52:52.427Z,market,trade,TESTE,100006.37592836493,55,,,,1003,1013,,,
2026-03-15T22:52:52.839Z,market,trade,TESTE,100005.10885663926,33,,,,1000,1014,,,
2026-03-15T22:52:53.240Z,market,trade,TESTE,100008.46361585119,102,,,,1000,1011,,,
2026-03-15T22:52:53.656Z,market,trade,TESTE,100011.2218434151,154,,,,1005,1019,,,
2026-03-15T22:52:54.061Z,market,trade,TESTE,100004.51223535834,156,,,,1000,1017,,,
2026-03-15T22:52:54.464Z,market,trade,TESTE,100013.91764792304,75,,,,1000,1015,,,
2026-03-15T22:52:54.867Z,market,trade,TESTE,100018.35210720886,199,,,,1006,1013,,,
2026-03-15T22:52:55.281Z,market,trade,TESTE,100007.97526960634,18,,,,1003,1014,,,
2026-03-15T22:52:55.683Z,market,trade,TESTE,100017.30304899717,148,,,,1003,1011,,,
2026-03-15T22:52:56.091Z,market,trade,TESTE,100002.67787364371,140,,,,1009,1011,,,
2026-03-15T22:52:56.498Z,market,trade,TESTE,99997.80286555465,93,,,,1005,1015,,,
2026-03-15T22:52:56.901Z,market,trade,TESTE,99998.14960969819,67,,,,1002,1016,,,
2026-03-15T22:52:57.302Z,market,trade,TESTE,100012.24428332497,194,,,,1009,1011,,,
2026-03-15T22:52:57.716Z,market,trade,TESTE,100017.20143994017,142,,,,1007,1011,,,
2026-03-15T22:52:58.127Z,market,trade,TESTE,100005.62763959254,134,,,,1004,1017,,,
2026-03-15T22:52:58.539Z,market,trade,TESTE,100012.26119845916,166,,,,1002,1018,,,
2026-03-15T22:52:58.946Z,market,trade,TESTE,100006.11455671128,186,,,,1003,1011,,,
2026-03-15T22:52:59.361Z,market,trade,TESTE,100003.07914412738,40,,,,1002,1016,,,
2026-03-15T22:52:59.777Z,market,trade,TESTE,100016.28712019099,127,,,,1005,1010,,,
2026-03-15T22:53:00.180Z,market,trade,TESTE,100011.48494232778,103,,,,1004,1011,,,
2026-03-15T22:53:00.585Z,market,trade,TESTE,100016.00345618611,39,,,,1000,1014,,,
2026-03-15T22:53:00.999Z,market,trade,TESTE,100019.90209320617,122,,,,1000,1016,,,
2026-03-15T22:53:01.404Z,market,trade,TESTE,100017.86522906659,5,,,,1008,1013,,,
2026-03-15T22:53:01.805Z,market,trade,TESTE,100021.35383902657,75,,,,1006,1011,,,
2026-03-15T22:53:02.221Z,market,trade,TESTE,100018.53352283467,97,,,,1009,1014,,,
2026-03-15T22:53:02.624Z,market,trade,TESTE,100007.28409706726,28,,,,1002,1014,,,
2026-03-15T22:53:03.029Z,market,trade,TESTE,100020.85494297692,98,,,,1002,1012,,,
2026-03-15T22:53:03.442Z,market,trade,TESTE,100022.82776567379,190,,,,1005,1015,,,
2026-03-15T22:53:03.857Z,market,trade,TESTE,100014.3041665833,151,,,,1003,1012,,,
2026-03-15T22:53:04.261Z,market,trade,TESTE,100019.85959293286,175,,,,1003,1012,,,
2026-03-15T22:53:04.677Z,market,trade,TESTE,100006.89708730101,64,,,,1006,1011,,,
2026-03-15T22:53:05.082Z,market,trade,TESTE,100021.07813097537,151,,,,1002,1016,,,
2026-03-15T22:53:05.496Z,market,trade,TESTE,100016.28778549263,200,,,,1007,1016,,,
2026-03-15T22:53:05.898Z,market,trade,TESTE,100001.76038396184,192,,,,1003,1013,,,
2026-03-15T22:53:06.303Z,market,trade,TESTE,100015.35090031843,49,,,,1005,1019,,,
2026-03-15T22:53:06.714Z,market,trade,TESTE,100001.7906424403,24,,,,1001,1011,,,
2026-03-15T22:53:07.118Z,market,trade,TESTE,100005.63588154019,149,,,,1006,1014,,,
2026-03-15T22:53:07.524Z,market,trade,TESTE,100015.34955437694,99,,,,1002,1018,,,
2026-03-15T22:53:07.925Z,market,trade,TESTE,100014.28389694479,199,,,,1005,1019,,,
2026-03-15T22:53:08.327Z,market,trade,TESTE,100001.91705684058,29,,,,1006,1012,,,
2026-03-15T22:53:08.730Z,market,trade,TESTE,100001.11703462692,40,,,,1003,1010,,,
2026-03-15T22:53:09.141Z,market,trade,TESTE,100011.4658278125,143,,,,1000,1016,,,
2026-03-15T22:53:09.547Z,market,trade,TESTE,100015.87929990735,23,,,,1004,1017,,,
2026-03-15T22:53:09.960Z,market,trade,TESTE,100004.77381433485,104,,,,1006,1018,,,
2026-03-15T22:53:10.360Z,market,trade,TESTE,100002.53058000338,195,,,,1001,1016,,,
2026-03-15T22:53:10.761Z,market,trade,TESTE,100011.48560707855,162,,,,1000,1011,,,
2026-03-15T22:53:11.165Z,market,trade,TESTE,100012.47205225281,71,,,,1003,1019,,,
2026-03-15T22:53:11.571Z,market,trade,TESTE,100010.68963108207,190,,,,1004,1012,,,
2026-03-15T22:53:11.981Z,market,trade,TESTE,100010.96644849825,58,,,,1002,1016,,,
2026-03-15T22:53:12.385Z,market,trade,TESTE,100010.97585629356,51,,,,1009,1012,,,
2026-03-15T22:53:12.800Z,market,trade,TESTE,100005.20824777172,20,,,,1008,1011,,,
2026-03-15T22:53:13.207Z,market,trade,TESTE,100010.53782380748,101,,,,1000,1015,,,
2026-03-15T22:53:13.612Z,market,trade,TESTE,100004.7125573645,37,,,,1009,1011,,,
2026-03-15T22:53:14.026Z,market,trade,TESTE,100007.3913807178,19,,,,1008,1011,,,
2026-03-15T22:53:14.440Z,market,trade,TESTE,100016.56435886915,160,,,,1006,1014,,,
2026-03-15T22:53:14.841Z,market,trade,TESTE,100011.22167661494,10,,,,1002,1013,,,
2026-03-15T22:53:15.257Z,market,trade,TESTE,100011.67267270097,197,,,,1004,1017,,,
2026-03-15T22:53:15.660Z,market,trade,TESTE,100026.22520621285,165,,,,1009,1012,,,
2026-03-15T22:53:16.088Z,market,trade,TESTE,100029.87061271665,51,,,,1007,1010,,,
2026-03-15T22:53:16.503Z,market,trade,TESTE,100022.89704010943,161,,,,1002,1012,,,
2026-03-15T22:53:16.904Z,market,trade,TESTE,100037.62022064054,68,,,,1004,1016,,,
2026-03-15T22:53:17.308Z,market,trade,TESTE,100026.82317688482,12,,,,1008,1016,,,
2026-03-15T22:53:17.720Z,market,trade,TESTE,100030.15990429086,105,,,,1006,1016,,,
2026-03-15T22:53:18.121Z,market,trade,TESTE,100030.43762320338,67,,,,1001,1016,,,
2026-03-15T22:53:18.528Z,market,trade,TESTE,100038.46666769973,17,,,,1004,1015,,,
2026-03-15T22:53:18.939Z,market,trade,TESTE,100041.98263021302,20,,,,1002,1016,,,
2026-03-15T22:53:19.345Z,market,trade,TESTE,100037.17410053758,84,,,,1008,1012,,,
2026-03-15T22:53:19.749Z,market,trade,TESTE,100036.60113910786,99,,,,1009,1018,,,
2026-03-15T22:53:20.160Z,market,trade,TESTE,100040.08361454868,130,,,,1003,1016,,,
2026-03-15T22:53:20.567Z,market,trade,TESTE,100040.5443302186,69,,,,1006,1017,,,
2026-03-15T22:53:20.981Z,market,trade,TESTE,100029.80320009375,183,,,,1005,1014,,,
2026-03-15T22:53:21.395Z,market,trade,TESTE,100025.82944187665,180,,,,1000,1012,,,
2026-03-15T22:53:21.800Z,market,trade,TESTE,100039.41079033236,193,,,,1005,1019,,,
2026-03-15T22:53:22.200Z,market,trade,TESTE,100043.2598402443,162,,,,1001,1013,,,
2026-03-15T22:53:22.605Z,market,trade,TESTE,100047.8924744628,104,,,,1009,1011,,,
2026-03-15T22:53:23.014Z,market,trade,TESTE,100049.16406756428,69,,,,1007,1011,,,
2026-03-15T22:53:23.418Z,market,trade,TESTE,100035.68612819577,13,,,,1001,1011,,,
2026-03-15T22:53:23.830Z,market,trade,TESTE,100034.50350027479,159,,,,1008,1016,,,
2026-03-15T22:53:24.240Z,market,trade,TESTE,100046.71737855385,110,,,,1009,1010,,,
2026-03-15T22:53:24.650Z,market,trade,TESTE,100047.68667369412,194,,,,1001,1015,,,
2026-03-15T22:53:25.060Z,market,trade,TESTE,100051.28448028663,135,,,,1002,1017,,,
2026-03-15T22:53:25.471Z,market,trade,TESTE,100052.92928325129,41,,,,1001,1017,,,
2026-03-15T22:53:25.886Z,market,trade,TESTE,100046.92121903117,24,,,,1007,1018,,,
2026-03-15T22:53:26.289Z,market,trade,TESTE,100052.93512446119,95,,,,1004,1016,,,
2026-03-15T22:53:26.692Z,market,trade,TESTE,100054.38576908839,148,,,,1002,1017,,,
2026-03-15T22:53:27.096Z,market,trade,TESTE,100056.2033070156,34,,,,1002,1017,,,
2026-03-15T22:53:27.506Z,market,trade,TESTE,100048.09756126105,81,,,,1000,1019,,,
2026-03-15T22:53:27.912Z,market,trade,TESTE,100047.71627407921,65,,,,1001,1016,,,
2026-03-15T22:53:28.315Z,market,trade,TESTE,100060.22884441623,142,,,,1005,1011,,,
2026-03-15T22:53:28.730Z,market,trade,TESTE,100051.42267756198,124,,,,1007,1014,,,
2026-03-15T22:53:29.132Z,market,trade,TESTE,100049.16062103942,6,,,,1006,1016,,,
2026-03-15T22:53:29.536Z,market,trade,TESTE,100052.28883165718,167,,,,1009,1012,,,
2026-03-15T22:53:29.951Z,market,trade,TESTE,100052.16149270552,59,,,,1003,1014,,,
2026-03-15T22:53:30.355Z,market,trade,TESTE,100051.39946119038,56,,,,1001,1016,,,
2026-03-15T22:53:30.770Z,market,trade,TESTE,100065.08970049491,9,,,,1005,1011,,,
2026-03-15T22:53:31.174Z,market,trade,TESTE,100065.53379859898,54,,,,1008,1012,,,
2026-03-15T22:53:31.588Z,market,trade,TESTE,100057.55403883301,148,,,,1000,1017,,,
2026-03-15T22:53:31.995Z,market,trade,TESTE,100052.63241408991,182,,,,1009,1013,,,
2026-03-15T22:53:32.402Z,market,trade,TESTE,100063.49896009549,21,,,,1005,1011,,,
2026-03-15T22:53:32.805Z,market,trade,TESTE,100061.2229401629,13,,,,1000,1012,,,
2026-03-15T22:53:33.217Z,market,trade,TESTE,100057.32342631702,74,,,,1002,1012,,,
2026-03-15T22:53:33.617Z,market,trade,TESTE,100051.4776682747,119,,,,1005,1019,,,
2026-03-15T22:53:34.021Z,market,trade,TESTE,100057.43859025752,34,,,,1009,1013,,,
2026-03-15T22:53:34.422Z,market,trade,TESTE,100055.43537827414,140,,,,1007,1013,,,
2026-03-15T22:53:34.836Z,market,trade,TESTE,100056.7045633287,24,,,,1002,1012,,,
2026-03-15T22:53:35.251Z,market,trade,TESTE,100051.32410569646,7,,,,1006,1014,,,
2026-03-15T22:53:35.668Z,market,trade,TESTE,100048.5108357332,117,,,,1003,1018,,,
2026-03-15T22:53:36.080Z,market,trade,TESTE,100059.79062170025,143,,,,1001,1014,,,
2026-03-15T22:53:36.484Z,market,trade,TESTE,100047.76570055896,87,,,,1003,1012,,,
2026-03-15T22:53:36.896Z,market,trade,TESTE,100045.04235795204,184,,,,1001,1012,,,
2026-03-15T22:53:37.300Z,market,trade,TESTE,100051.19113670995,114,,,,1004,1015,,,
2026-03-15T22:53:37.700Z,market,trade,TESTE,100055.70684607436,193,,,,1001,1010,,,
2026-03-15T22:53:38.104Z,market,trade,TESTE,100050.09125955963,134,,,,1003,1010,,,
2026-03-15T22:53:38.504Z,market,trade,TESTE,100055.55649483023,61,,,,1001,1011,,,
2026-03-15T22:53:38.917Z,market,trade,TESTE,100048.17088547544,174,,,,1002,1018,,,
2026-03-15T22:53:39.321Z,market,trade,TESTE,100055.57811287919,117,,,,1009,1016,,,
2026-03-15T22:53:39.725Z,market,trade,TESTE,100043.53260350788,137,,,,1001,1012,,,
2026-03-15T22:53:40.134Z,market,trade,TESTE,100044.8639120342,81,,,,1001,1014,,,
2026-03-15T22:53:40.549Z,market,trade,TESTE,100044.30814665243,177,,,,1007,1015,,,
2026-03-15T22:53:40.964Z,market,trade,TESTE,100054.7076429324,61,,,,1008,1015,,,
2026-03-15T22:53:41.380Z,market,trade,TESTE,100040.02243738036,50,,,,1008,1016,,,
2026-03-15T22:53:41.795Z,market,trade,TESTE,100051.92478500494,10,,,,1007,1015,,,
2026-03-15T22:53:42.200Z,market,trade,TESTE,100044.79948556701,144,,,,1001,1010,,,
2026-03-15T22:53:42.616Z,market,trade,TESTE,100048.57762538055,175,,,,1008,1010,,,
2026-03-15T22:53:43.026Z,market,trade,TESTE,100053.42278996742,24,,,,1001,1011,,,
2026-03-15T22:53:43.440Z,market,trade,TESTE,100064.44714855983,9,,,,1006,1010,,,
2026-03-15T22:53:43.841Z,market,trade,TESTE,100052.71674606291,148,,,,1006,1017,,,
2026-03-15T22:53:44.245Z,market,trade,TESTE,100060.39908443743,179,,,,1006,1011,,,
2026-03-15T22:53:44.656Z,market,trade,TESTE,100059.1318691304,64,,,,1000,1015,,,
2026-03-15T22:53:45.064Z,market,trade,TESTE,100056.40133426554,159,,,,1000,1011,,,
2026-03-15T22:53:45.480Z,market,trade,TESTE,100058.23129852812,107,,,,1006,1016,,,
2026-03-15T22:53:45.896Z,market,trade,TESTE,100049.20138800835,101,,,,1006,1012,,,
2026-03-15T22:53:46.301Z,market,trade,TESTE,100059.17780090222,29,,,,1006,1010,,,
2026-03-15T22:53:46.716Z,market,trade,TESTE,100063.6709419354,50,,,,1005,1013,,,
2026-03-15T22:53:47.122Z,market,trade,TESTE,100064.46160454593,47,,,,1009,1019,,,
2026-03-15T22:53:47.531Z,market,trade,TESTE,100058.39276731167,33,,,,1004,1018,,,
2026-03-15T22:53:47.947Z,market,trade,TESTE,100061.62978321534,148,,,,1003,1010,,,
2026-03-15T22:53:48.367Z,market,trade,TESTE,100067.50799170845,156,,,,1003,1014,,,
2026-03-15T22:53:48.781Z,market,trade,TESTE,100057.32753437418,121,,,,1009,1012,,,
2026-03-15T22:53:49.185Z,market,trade,TESTE,100071.40570509515,61,,,,1007,1016,,,
2026-03-15T22:53:49.597Z,market,trade,TESTE,100075.80694455942,96,,,,1005,1018,,,
2026-03-15T22:53:49.997Z,market,trade,TESTE,100061.05075921869,67,,,,1007,1018,,,
2026-03-15T22:53:50.400Z,market,trade,TESTE,100068.24790823626,149,,,,1006,1011,,,
2026-03-15T22:53:50.808Z,market,trade,TESTE,100066.49865341395,108,,,,1000,1016,,,
2026-03-15T22:53:51.213Z,market,trade,TESTE,100068.11316778099,83,,,,1005,1013,,,
2026-03-15T22:53:51.626Z,market,trade,TESTE,100062.95526297537,152,,,,1002,1010,,,
2026-03-15T22:53:52.044Z,market,trade,TESTE,100071.08148896541,6,,,,1009,1013,,,
2026-03-15T22:53:52.456Z,market,trade,TESTE,100056.3094157647,33,,,,1007,1013,,,
2026-03-15T22:53:52.860Z,market,trade,TESTE,100054.49860746764,94,,,,1002,1014,,,
2026-03-15T22:53:53.261Z,market,trade,TESTE,100050.89656095499,167,,,,1001,1017,,,
2026-03-15T22:53:53.677Z,market,trade,TESTE,100052.46347333129,36,,,,1007,1011,,,
2026-03-15T22:53:54.081Z,market,trade,TESTE,100057.31754071933,153,,,,1009,1014,,,
2026-03-15T22:53:54.483Z,market,trade,TESTE,100056.6890510391,175,,,,1000,1019,,,
2026-03-15T22:53:54.884Z,market,trade,TESTE,100067.97286459719,117,,,,1003,1013,,,
2026-03-15T22:53:55.299Z,market,trade,TESTE,100063.78379013,200,,,,1000,1013,,,
2026-03-15T22:53:55.704Z,market,trade,TESTE,100063.0541773779,39,,,,1005,1016,,,
2026-03-15T22:53:56.120Z,market,trade,TESTE,100053.26018273523,46,,,,1008,1012,,,
2026-03-15T22:53:56.525Z,market,trade,TESTE,100065.51558254664,99,,,,1003,1014,,,
2026-03-15T22:53:56.937Z,market,trade,TESTE,100053.1294679256,18,,,,1005,1014,,,
2026-03-15T22:53:57.344Z,market,trade,TESTE,100057.94901435694,81,,,,1004,1018,,,
2026-03-15T22:53:57.753Z,market,trade,TESTE,100053.49422263417,73,,,,1004,1012,,,
2026-03-15T22:53:58.160Z,market,trade,TESTE,100054.34251555258,147,,,,1003,1013,,,
2026-03-15T22:53:58.563Z,market,trade,TESTE,100061.39693015355,72,,,,1002,1014,,,
2026-03-15T22:53:58.965Z,market,trade,TESTE,100063.01121907297,182,,,,1006,1010,,,
2026-03-15T22:53:59.378Z,market,trade,TESTE,100056.8811104571,56,,,,1007,1011,,,
2026-03-15T22:53:59.793Z,market,trade,TESTE,100068.10286398817,123,,,,1007,1011,,,
2026-03-15T22:54:00.201Z,market,trade,TESTE,100059.58030157664,138,,,,1007,1010,,,
2026-03-15T22:54:00.606Z,market,trade,TESTE,100069.64385785701,57,,,,1008,1012,,,
2026-03-15T22:54:01.011Z,market,trade,TESTE,100055.20865660357,36,,,,1001,1013,,,
2026-03-15T22:54:01.420Z,market,trade,TESTE,100058.41273210486,8,,,,1006,1018,,,
2026-03-15T22:54:01.824Z,market,trade,TESTE,100054.42455280195,147,,,,1007,1018,,,
2026-03-15T22:54:02.247Z,market,trade,TESTE,100052.88639264002,157,,,,1007,1014,,,
2026-03-15T22:54:02.651Z,market,trade,TESTE,100060.46256859026,40,,,,1008,1017,,,
2026-03-15T22:54:03.060Z,market,trade,TESTE,100052.92032585932,145,,,,1004,1011,,,
2026-03-15T22:54:03.474Z,market,trade,TESTE,100048.14284648235,47,,,,1008,1017,,,
2026-03-15T22:54:03.876Z,market,trade,TESTE,100052.69801521671,58,,,,1004,1011,,,
2026-03-15T22:54:04.276Z,market,trade,TESTE,100047.96689683455,95,,,,1009,1011,,,
2026-03-15T22:54:04.681Z,market,trade,TESTE,100047.90456485953,51,,,,1006,1016,,,
2026-03-15T22:54:05.083Z,market,trade,TESTE,100056.95929012296,54,,,,1001,1010,,,
2026-03-15T22:54:05.486Z,market,trade,TESTE,100043.43103803476,141,,,,1006,1013,,,
2026-03-15T22:54:05.891Z,market,trade,TESTE,100055.5514268458,82,,,,1001,1014,,,
2026-03-15T22:54:06.300Z,market,trade,TESTE,100045.99900880901,71,,,,1005,1015,,,
2026-03-15T22:54:06.703Z,market,trade,TESTE,100046.84584903695,200,,,,1003,1010,,,
2026-03-15T22:54:07.104Z,market,trade,TESTE,100053.62212813292,104,,,,1006,1016,,,
2026-03-15T22:54:07.506Z,market,trade,TESTE,100040.02029842908,147,,,,1007,1012,,,
2026-03-15T22:54:07.916Z,market,trade,TESTE,100044.56065944987,199,,,,1002,1016,,,
2026-03-15T23:13:22.411Z,market,trade,WINFUT,179900.0,3,,,,XP Investimentos CCTVM S/A,BTG Pactual CTVM S.A.,,,
2026-03-15T23:16:34.927Z,market,trade,TESTE,99996.33160541262,174,,,,1001,1014,,,
2026-03-15T23:16:35.331Z,market,trade,TESTE,99996.23907620751,119,,,,1003,1016,,,
2026-03-15T23:16:35.732Z,market,trade,TESTE,100003.65205987118,71,,,,1006,1011,,,
2026-03-15T23:16:36.140Z,market,trade,TESTE,100008.11246361752,97,,,,1009,1019,,,
2026-03-15T23:16:36.547Z,market,trade,TESTE,100001.22031333252,186,,,,1006,1011,,,
2026-03-15T23:16:36.948Z,market,trade,TESTE,100012.77928766258,58,,,,1008,1019,,,
2026-03-15T23:16:37.366Z,market,trade,TESTE,99999.03703347684,31,,,,1008,1010,,,
2026-03-15T23:16:37.778Z,market,trade,TESTE,100001.83387654956,176,,,,1003,1013,,,
2026-03-15T23:16:38.180Z,market,trade,TESTE,100008.25795033225,18,,,,1006,1018,,,
2026-03-15T23:16:38.592Z,market,trade,TESTE,100001.64809912494,50,,,,1000,1014,,,
2026-03-15T23:16:39.003Z,market,trade,TESTE,100012.25789669105,45,,,,1002,1018,,,
2026-03-15T23:16:39.405Z,market,trade,TESTE,99998.15149189348,162,,,,1003,1010,,,
2026-03-15T23:16:39.806Z,market,trade,TESTE,100009.56566825368,47,,,,1006,1012,,,
2026-03-15T23:16:40.211Z,market,trade,TESTE,100001.69636456219,147,,,,1005,1018,,,
2026-03-15T23:16:40.611Z,market,trade,TESTE,100001.73092160161,13,,,,1002,1019,,,
2026-03-15T23:16:41.013Z,market,trade,TESTE,99998.93567386789,102,,,,1009,1016,,,
2026-03-15T23:16:41.419Z,market,trade,TESTE,100007.67117788777,99,,,,1003,1017,,,
2026-03-15T23:16:41.830Z,market,trade,TESTE,99999.06522201492,173,,,,1005,1015,,,
2026-03-15T23:16:42.233Z,market,trade,TESTE,100004.35375095463,115,,,,1009,1019,,,
2026-03-15T23:16:42.636Z,market,trade,TESTE,99990.65997793939,96,,,,1002,1019,,,
2026-03-15T23:16:43.037Z,market,trade,TESTE,99986.14218380563,116,,,,1008,1015,,,
2026-03-15T23:16:43.438Z,market,trade,TESTE,99995.37345520422,28,,,,1004,1010,,,
2026-03-15T23:16:43.845Z,market,trade,TESTE,99992.97278987644,12,,,,1001,1011,,,
2026-03-15T23:16:44.249Z,market,trade,TESTE,99985.37813344141,164,,,,1004,1016,,,
2026-03-15T23:16:44.650Z,market,trade,TESTE,99997.59167631334,56,,,,1000,1011,,,
2026-03-15T23:16:45.056Z,market,trade,TESTE,99995.41160334484,162,,,,1003,1013,,,
2026-03-15T23:16:45.467Z,market,trade,TESTE,99981.29278150934,101,,,,1006,1012,,,
2026-03-15T23:16:45.886Z,market,trade,TESTE,99989.5153930302,73,,,,1006,1018,,,
2026-03-15T23:16:46.290Z,market,trade,TESTE,99988.01076412726,143,,,,1006,1011,,,
2026-03-15T23:16:46.691Z,market,trade,TESTE,99978.49537250867,61,,,,1005,1012,,,
2026-03-15T23:16:47.099Z,market,trade,TESTE,99983.67148473083,182,,,,1007,1010,,,
2026-03-15T23:16:47.506Z,market,trade,TESTE,99979.04119494777,101,,,,1006,1014,,,
2026-03-15T23:16:47.908Z,market,trade,TESTE,99977.08947853079,124,,,,1001,1014,,,
2026-03-15T23:16:48.312Z,market,trade,TESTE,99978.17240261963,104,,,,1008,1011,,,
2026-03-15T23:16:48.726Z,market,trade,TESTE,99963.54349916287,21,,,,1008,1017,,,
2026-03-15T23:16:49.138Z,market,trade,TESTE,99977.95099743525,77,,,,1006,1013,,,
2026-03-15T23:16:49.546Z,market,trade,TESTE,99981.20067961511,192,,,,1006,1013,,,
2026-03-15T23:16:49.546Z,alert,,TESTE,99981.20067961511,,,1,Armadilha / Falso Rompimento de Fundo,,,,,
2026-03-15T23:16:49.947Z,market,trade,TESTE,99981.57984686858,142,,,,1008,1012,,,
2026-03-15T23:16:50.350Z,market,trade,TESTE,99979.18201058793,104,,,,1001,1011,,,
2026-03-15T23:16:50.750Z,market,trade,TESTE,99965.76591040958,199,,,,1006,1019,,,
2026-03-15T23:16:51.158Z,market,trade,TESTE,99965.47119244166,50,,,,1004,1019,,,
2026-03-15T23:16:51.566Z,market,trade,TESTE,99963.5830029962,84,,,,1009,1015,,,
2026-03-15T23:16:51.967Z,market,trade,TESTE,99976.36116302221,157,,,,1004,1018,,,
2026-03-15T23:16:52.367Z,market,trade,TESTE,99968.88950293312,128,,,,1005,1014,,,
2026-03-15T23:16:52.781Z,market,trade,TESTE,99972.94060189575,9,,,,1005,1018,,,
2026-03-15T23:16:53.186Z,market,trade,TESTE,99971.5190455857,31,,,,1000,1014,,,
2026-03-15T23:16:53.586Z,market,trade,TESTE,99983.00405551263,87,,,,1007,1016,,,
2026-03-15T23:16:53.998Z,market,trade,TESTE,99984.99471341861,92,,,,1006,1013,,,
2026-03-15T23:16:54.405Z,market,trade,TESTE,99982.68309087079,45,,,,1008,1018,,,
2026-03-15T23:16:54.808Z,market,trade,TESTE,99987.1583323476,78,,,,1000,1010,,,
2026-03-15T23:16:55.212Z,market,trade,TESTE,99980.29053782084,87,,,,1001,1013,,,
2026-03-15T23:16:55.625Z,market,trade,TESTE,99980.15699188107,85,,,,1004,1018,,,
2026-03-15T23:16:56.041Z,market,trade,TESTE,99989.52845759824,10,,,,1006,1013,,,
2026-03-15T23:16:56.441Z,market,trade,TESTE,99993.34730784687,163,,,,1009,1011,,,
2026-03-15T23:16:56.846Z,market,trade,TESTE,99987.30954347269,189,,,,1008,1016,,,
2026-03-15T23:16:57.260Z,market,trade,TESTE,99998.73067681455,64,,,,1002,1017,,,
2026-03-15T23:16:57.665Z,market,trade,TESTE,99996.42105762659,34,,,,1007,1013,,,
2026-03-15T23:16:58.066Z,market,trade,TESTE,99985.77982057935,169,,,,1004,1011,,,
2026-03-15T23:16:58.466Z,market,trade,TESTE,99988.21788280648,197,,,,1007,1018,,,
2026-03-15T23:16:58.873Z,market,trade,TESTE,100000.57771449388,158,,,,1005,1014,,,
2026-03-15T23:16:59.287Z,market,trade,TESTE,99990.97658890246,99,,,,1000,1012,,,
2026-03-15T23:16:59.702Z,market,trade,TESTE,99998.47750530508,136,,,,1005,1016,,,
2026-03-15T23:17:00.106Z,market,trade,TESTE,99990.74922858909,100,,,,1009,1019,,,
2026-03-15T23:17:00.506Z,market,trade,TESTE,100000.60619608748,115,,,,1000,1015,,,
2026-03-15T23:17:00.920Z,market,trade,TESTE,99987.56062489153,169,,,,1006,1017,,,
2026-03-15T23:17:01.322Z,market,trade,TESTE,99992.18506952944,140,,,,1005,1018,,,
2026-03-15T23:17:01.725Z,market,trade,TESTE,100003.20056846565,105,,,,1009,1010,,,
2026-03-15T23:17:02.140Z,market,trade,TESTE,99989.8033054937,120,,,,1004,1017,,,
2026-03-15T23:17:02.541Z,market,trade,TESTE,99989.35115301449,188,,,,1007,1013,,,
2026-03-15T23:17:02.946Z,market,trade,TESTE,99998.12884130582,78,,,,1007,1013,,,
2026-03-15T23:17:03.362Z,market,trade,TESTE,99990.72813569786,116,,,,1009,1016,,,
2026-03-15T23:17:03.766Z,market,trade,TESTE,99990.46998719173,170,,,,1007,1018,,,
2026-03-15T23:17:04.166Z,market,trade,TESTE,99989.63677561376,33,,,,1003,1011,,,
2026-03-15T23:17:04.581Z,market,trade,TESTE,99991.8474499685,190,,,,1005,1014,,,
2026-03-15T23:17:04.986Z,market,trade,TESTE,99997.89122560128,25,,,,1006,1011,,,
2026-03-15T23:17:05.402Z,market,trade,TESTE,99984.18255834184,105,,,,1008,1012,,,
2026-03-15T23:17:05.806Z,market,trade,TESTE,99986.59962447034,88,,,,1008,1014,,,
2026-03-15T23:17:06.206Z,market,trade,TESTE,99990.2402260263,198,,,,1009,1014,,,
2026-03-15T23:17:06.621Z,market,trade,TESTE,100002.85373079157,64,,,,1001,1014,,,
2026-03-15T23:17:07.026Z,market,trade,TESTE,100006.07176945562,110,,,,1001,1010,,,
2026-03-15T23:17:07.442Z,market,trade,TESTE,99994.61152335383,130,,,,1005,1012,,,
2026-03-15T23:17:07.845Z,market,trade,TESTE,99999.53482954264,146,,,,1009,1017,,,
2026-03-15T23:17:08.246Z,market,trade,TESTE,100010.18419943003,20,,,,1007,1015,,,
2026-03-15T23:17:08.661Z,market,trade,TESTE,99998.59237048293,115,,,,1008,1016,,,
2026-03-15T23:17:09.061Z,market,trade,TESTE,99998.58543480794,94,,,,1008,1017,,,
2026-03-15T23:17:09.466Z,market,trade,TESTE,99994.67165938344,74,,,,1006,1011,,,
2026-03-15T23:17:09.876Z,market,trade,TESTE,99993.4516647447,120,,,,1008,1015,,,
2026-03-15T23:17:10.282Z,market,trade,TESTE,100004.00423964545,91,,,,1002,1012,,,
2026-03-15T23:17:10.683Z,market,trade,TESTE,100002.78891321426,174,,,,1002,1017,,,
2026-03-15T23:17:11.098Z,market,trade,TESTE,100007.05696011969,151,,,,1004,1010,,,
2026-03-15T23:17:11.506Z,market,trade,TESTE,99994.9428203196,199,,,,1009,1010,,,
2026-03-15T23:17:11.921Z,market,trade,TESTE,99990.45815871934,163,,,,1007,1014,,,
2026-03-15T23:17:12.321Z,market,trade,TESTE,99988.24727406197,173,,,,1004,1010,,,
2026-03-15T23:17:12.723Z,market,trade,TESTE,99986.31036199423,107,,,,1003,1011,,,
2026-03-15T23:17:13.126Z,market,trade,TESTE,99987.73842057587,63,,,,1002,1014,,,
2026-03-15T23:17:13.538Z,market,trade,TESTE,99990.29873573995,112,,,,1000,1015,,,
2026-03-15T23:17:13.944Z,market,trade,TESTE,99996.85687600407,127,,,,1005,1011,,,
2026-03-15T23:17:14.359Z,market,trade,TESTE,99983.83029868233,171,,,,1009,1017,,,
2026-03-15T23:17:14.761Z,market,trade,TESTE,99994.9166779521,20,,,,1003,1015,,,
2026-03-15T23:17:15.163Z,market,trade,TESTE,99990.27526554967,162,,,,1002,1019,,,
2026-03-15T23:17:15.566Z,market,trade,TESTE,99995.08220232565,176,,,,1008,1011,,,
2026-03-15T23:17:15.975Z,market,trade,TESTE,99990.5717444857,66,,,,1004,1013,,,
2026-03-15T23:17:16.382Z,market,trade,TESTE,99983.16379145955,23,,,,1003,1016,,,
2026-03-15T23:17:16.795Z,market,trade,TESTE,99983.46692063246,187,,,,1006,1011,,,
2026-03-15T23:17:17.197Z,market,trade,TESTE,99994.59171333918,115,,,,1009,1013,,,
2026-03-15T23:17:17.599Z,market,trade,TESTE,99987.92628338035,132,,,,1002,1010,,,
2026-03-15T23:17:18.001Z,market,trade,TESTE,99999.97686950827,59,,,,1000,1016,,,
2026-03-15T23:17:18.406Z,market,trade,TESTE,100002.73646732346,141,,,,1003,1015,,,
2026-03-15T23:17:18.819Z,market,trade,TESTE,100001.94475047903,134,,,,1002,1015,,,
2026-03-15T23:17:19.222Z,market,trade,TESTE,100002.38779862346,18,,,,1006,1010,,,
2026-03-15T23:17:19.626Z,market,trade,TESTE,99998.13867960563,73,,,,1003,1011,,,
2026-03-15T23:17:20.031Z,market,trade,TESTE,99995.23919193337,64,,,,1003,1013,,,
2026-03-15T23:17:20.446Z,market,trade,TESTE,100000.11148767237,7,,,,1003,1016,,,
2026-03-15T23:17:20.850Z,market,trade,TESTE,99992.75882966106,179,,,,1001,1012,,,
2026-03-15T23:17:21.258Z,market,trade,TESTE,99998.90339607824,47,,,,1007,1019,,,
2026-03-15T23:17:21.664Z,market,trade,TESTE,100003.5523901591,36,,,,1005,1013,,,
2026-03-15T23:17:22.070Z,market,trade,TESTE,99991.80674474157,21,,,,1003,1014,,,
2026-03-15T23:17:22.486Z,market,trade,TESTE,100001.90007422326,159,,,,1000,1013,,,
2026-03-15T23:17:22.893Z,market,trade,TESTE,99998.19336393155,45,,,,1009,1014,,,
2026-03-15T23:17:23.294Z,market,trade,TESTE,99993.30469613627,66,,,,1003,1017,,,
2026-03-15T23:17:23.710Z,market,trade,TESTE,99987.29044072192,168,,,,1008,1010,,,
2026-03-15T23:17:24.122Z,market,trade,TESTE,99998.57105786707,128,,,,1002,1012,,,
2026-03-15T23:17:24.528Z,market,trade,TESTE,99997.38229424067,50,,,,1006,1012,,,
2026-03-15T23:17:24.941Z,market,trade,TESTE,99999.67867384033,148,,,,1004,1015,,,
2026-03-15T23:17:25.343Z,market,trade,TESTE,99997.83913864009,24,,,,1008,1015,,,
2026-03-15T23:17:25.749Z,market,trade,TESTE,99986.58388070768,143,,,,1004,1014,,,
2026-03-15T23:17:26.153Z,market,trade,TESTE,99984.33287291197,112,,,,1004,1013,,,
2026-03-15T23:17:26.566Z,market,trade,TESTE,99994.61035493307,159,,,,1007,1013,,,
2026-03-15T23:17:26.981Z,market,trade,TESTE,99985.22708587795,130,,,,1003,1019,,,
2026-03-15T23:17:27.382Z,market,trade,TESTE,99981.18433283489,30,,,,1004,1017,,,
2026-03-15T23:17:27.798Z,market,trade,TESTE,99990.18254776073,108,,,,1009,1017,,,
2026-03-15T23:17:28.210Z,market,trade,TESTE,99991.40218974148,132,,,,1004,1014,,,
2026-03-15T23:17:28.622Z,market,trade,TESTE,99993.77660667137,45,,,,1007,1010,,,
2026-03-15T23:17:29.025Z,market,trade,TESTE,99982.56641232061,174,,,,1002,1012,,,
2026-03-15T23:17:29.441Z,market,trade,TESTE,99981.3338758831,21,,,,1002,1014,,,
2026-03-15T23:17:29.841Z,market,trade,TESTE,99994.11344056235,67,,,,1002,1017,,,
2026-03-15T23:17:30.255Z,market,trade,TESTE,99983.38021067534,72,,,,1006,1015,,,
2026-03-15T23:17:30.666Z,market,trade,TESTE,99995.9478435547,9,,,,1006,1018,,,
2026-03-15T23:17:31.070Z,market,trade,TESTE,99985.6619568983,92,,,,1001,1013,,,
2026-03-15T23:17:31.486Z,market,trade,TESTE,99982.86440261829,173,,,,1004,1018,,,
2026-03-15T23:17:31.898Z,market,trade,TESTE,99989.18157045623,59,,,,1008,1010,,,
2026-03-15T23:17:32.305Z,market,trade,TESTE,99986.58967652952,199,,,,1009,1010,,,
2026-03-15T23:17:32.705Z,market,trade,TESTE,99988.60012631549,54,,,,1002,1011,,,
2026-03-15T23:17:33.107Z,market,trade,TESTE,99976.60806929188,133,,,,1006,1014,,,
2026-03-15T23:17:33.514Z,market,trade,TESTE,99984.35971660702,174,,,,1002,1010,,,
2026-03-15T23:17:33.926Z,market,trade,TESTE,99974.49102848224,154,,,,1008,1014,,,
2026-03-15T23:17:34.327Z,market,trade,TESTE,99985.94581396565,80,,,,1001,1014,,,
2026-03-15T23:17:34.728Z,market,trade,TESTE,99990.48017379252,111,,,,1006,1017,,,
2026-03-15T23:17:35.137Z,market,trade,TESTE,99993.68756631188,66,,,,1004,1014,,,
2026-03-15T23:17:35.542Z,market,trade,TESTE,99988.1539916429,81,,,,1007,1011,,,
2026-03-15T23:17:35.946Z,market,trade,TESTE,100000.75137170366,189,,,,1006,1012,,,
2026-03-15T23:17:36.359Z,market,trade,TESTE,99999.25782257665,103,,,,1001,1014,,,
2026-03-15T23:17:36.765Z,market,trade,TESTE,99993.68990752225,24,,,,1003,1015,,,
2026-03-15T23:17:37.169Z,market,trade,TESTE,100004.73476093785,153,,,,1000,1018,,,
2026-03-15T23:17:37.582Z,market,trade,TESTE,99996.61337816903,188,,,,1001,1014,,,
2026-03-15T23:17:37.999Z,market,trade,TESTE,99996.51092090957,119,,,,1008,1019,,,
2026-03-15T23:17:38.410Z,market,trade,TESTE,100006.36531181434,129,,,,1003,1013,,,
2026-03-15T23:17:38.814Z,market,trade,TESTE,100007.3971574573,122,,,,1007,1010,,,
2026-03-15T23:17:39.222Z,market,trade,TESTE,100003.59171183738,27,,,,1002,1017,,,
2026-03-15T23:17:39.637Z,market,trade,TESTE,99993.56313879965,12,,,,1003,1019,,,
2026-03-15T23:17:40.042Z,market,trade,TESTE,99997.59327468142,77,,,,1009,1010,,,
2026-03-15T23:17:40.473Z,market,trade,TESTE,100001.99220787676,140,,,,1006,1013,,,
2026-03-15T23:17:40.874Z,market,trade,TESTE,100009.02230978454,92,,,,1006,1011,,,
2026-03-15T23:17:41.282Z,market,trade,TESTE,100008.4274192033,114,,,,1000,1012,,,
2026-03-15T23:17:41.686Z,market,trade,TESTE,100004.73550049156,112,,,,1007,1019,,,
2026-03-15T23:17:42.086Z,market,trade,TESTE,99993.54259591899,105,,,,1009,1017,,,
2026-03-15T23:17:42.494Z,market,trade,TESTE,99992.74127214424,128,,,,1000,1013,,,
2026-03-15T23:17:42.898Z,market,trade,TESTE,99998.26675298737,186,,,,1008,1016,,,
2026-03-15T23:17:43.299Z,market,trade,TESTE,99983.61044140345,29,,,,1008,1019,,,
2026-03-15T23:17:43.714Z,market,trade,TESTE,99981.0191687853,109,,,,1007,1014,,,
2026-03-15T23:17:44.129Z,market,trade,TESTE,99978.9842946149,73,,,,1000,1011,,,
2026-03-15T23:17:44.543Z,market,trade,TESTE,99979.12840033817,5,,,,1001,1019,,,
2026-03-15T23:17:44.947Z,market,trade,TESTE,99988.57482406677,125,,,,1009,1010,,,
2026-03-15T23:17:45.347Z,market,trade,TESTE,99993.07699784456,112,,,,1001,1018,,,
2026-03-15T23:17:45.753Z,market,trade,TESTE,99993.62247370377,154,,,,1009,1019,,,
2026-03-15T23:17:46.154Z,market,trade,TESTE,99989.94871346132,171,,,,1009,1014,,,
2026-03-15T23:17:46.562Z,market,trade,TESTE,99980.16665442544,118,,,,1005,1011,,,
2026-03-15T23:17:46.979Z,market,trade,TESTE,99987.7623267389,117,,,,1007,1013,,,
2026-03-15T23:17:47.385Z,market,trade,TESTE,99979.79750398578,165,,,,1002,1011,,,
2026-03-15T23:17:47.794Z,market,trade,TESTE,99976.1139158808,149,,,,1001,1010,,,
2026-03-15T23:17:48.206Z,market,trade,TESTE,99982.89150558968,101,,,,1008,1010,,,
2026-03-15T23:17:48.613Z,market,trade,TESTE,99980.78729381398,150,,,,1004,1015,,,
2026-03-15T23:17:49.023Z,market,trade,TESTE,99967.76793544005,77,,,,1008,1016,,,
2026-03-15T23:17:49.426Z,market,trade,TESTE,99970.86875963522,73,,,,1006,1014,,,
2026-03-15T23:17:49.834Z,market,trade,TESTE,99982.16725562752,66,,,,1001,1012,,,
2026-03-15T23:17:50.243Z,market,trade,TESTE,99968.93401566202,133,,,,1009,1017,,,
2026-03-15T23:17:50.645Z,market,trade,TESTE,99967.10095813608,90,,,,1007,1010,,,
2026-03-15T23:17:51.061Z,market,trade,TESTE,99973.84363260718,76,,,,1004,1018,,,
2026-03-15T23:17:51.473Z,market,trade,TESTE,99960.34035697322,71,,,,1009,1017,,,
2026-03-15T23:17:51.886Z,market,trade,TESTE,99956.5768250926,94,,,,1003,1017,,,
2026-03-15T23:17:52.286Z,market,trade,TESTE,99953.23306835054,99,,,,1005,1013,,,
2026-03-15T23:17:52.697Z,market,trade,TESTE,99966.93860116234,25,,,,1008,1019,,,
2026-03-15T23:17:53.105Z,market,trade,TESTE,99953.38096692096,185,,,,1006,1011,,,
2026-03-15T23:17:53.507Z,market,trade,TESTE,99958.9476100148,78,,,,1009,1016,,,
2026-03-15T23:17:53.921Z,market,trade,TESTE,99948.8169355167,70,,,,1004,1011,,,
2026-03-15T23:17:54.326Z,market,trade,TESTE,99953.95768690956,173,,,,1000,1019,,,
2026-03-15T23:17:54.727Z,market,trade,TESTE,99940.66511353423,179,,,,1003,1012,,,
2026-03-15T23:17:55.135Z,market,trade,TESTE,99940.71028562248,65,,,,1000,1016,,,
2026-03-15T23:17:55.537Z,market,trade,TESTE,99947.93613743097,142,,,,1007,1012,,,
2026-03-15T23:17:55.942Z,market,trade,TESTE,99940.7274287694,11,,,,1006,1015,,,
2026-03-15T23:17:56.358Z,market,trade,TESTE,99951.20130598929,148,,,,1008,1011,,,
2026-03-15T23:17:56.763Z,market,trade,TESTE,99939.92421584268,153,,,,1005,1015,,,
2026-03-15T23:17:57.164Z,market,trade,TESTE,99945.95503176919,31,,,,1004,1014,,,
2026-03-15T23:17:57.566Z,market,trade,TESTE,99932.53793864114,69,,,,1005,1012,,,
2026-03-15T23:17:57.981Z,market,trade,TESTE,99934.89991114881,24,,,,1001,1017,,,
2026-03-15T23:17:58.383Z,market,trade,TESTE,99937.8328389337,73,,,,1009,1014,,,
2026-03-15T23:17:58.792Z,market,trade,TESTE,99942.50354239743,161,,,,1003,1013,,,
2026-03-15T23:17:59.207Z,market,trade,TESTE,99946.58665454022,97,,,,1004,1015,,,
2026-03-15T23:17:59.608Z,market,trade,TESTE,99946.543032212,64,,,,1001,1014,,,
2026-03-15T23:18:00.012Z,market,trade,TESTE,99955.35819330848,193,,,,1000,1015,,,
2026-03-15T23:18:00.426Z,market,trade,TESTE,99947.42558539941,133,,,,1000,1019,,,
2026-03-15T23:18:00.833Z,market,trade,TESTE,99947.26060176121,154,,,,1004,1011,,,
2026-03-15T23:18:01.246Z,market,trade,TESTE,99957.0989224411,44,,,,1002,1018,,,
2026-03-15T23:18:01.649Z,market,trade,TESTE,99946.95334701876,20,,,,1007,1018,,,
2026-03-15T23:18:02.050Z,market,trade,TESTE,99947.28631084583,169,,,,1008,1015,,,
2026-03-15T23:18:02.458Z,market,trade,TESTE,99951.7575728196,39,,,,1000,1012,,,
2026-03-15T23:18:02.861Z,market,trade,TESTE,99950.90748256478,88,,,,1001,1012,,,
2026-03-15T23:18:03.261Z,market,trade,TESTE,99960.44390171749,83,,,,1002,1016,,,
2026-03-15T23:18:03.678Z,market,trade,TESTE,99963.21328572166,130,,,,1004,1012,,,
2026-03-15T23:18:04.080Z,market,trade,TESTE,99952.68283830008,130,,,,1003,1017,,,
2026-03-15T23:18:04.486Z,market,trade,TESTE,99957.0589649417,196,,,,1001,1018,,,
2026-03-15T23:18:04.901Z,market,trade,TESTE,99964.37041445695,42,,,,1009,1018,,,
2026-03-15T23:18:05.305Z,market,trade,TESTE,99956.77336312759,137,,,,1007,1013,,,
2026-03-15T23:18:05.706Z,market,trade,TESTE,99959.99205401201,40,,,,1004,1011,,,
2026-03-15T23:18:06.121Z,market,trade,TESTE,99967.7398487008,37,,,,1002,1014,,,
2026-03-15T23:18:06.525Z,market,trade,TESTE,99972.43529819259,168,,,,1003,1015,,,
2026-03-15T23:18:06.927Z,market,trade,TESTE,99975.94379796118,24,,,,1005,1013,,,
2026-03-15T23:18:07.340Z,market,trade,TESTE,99966.9013695372,164,,,,1006,1014,,,
2026-03-15T23:18:07.741Z,market,trade,TESTE,99971.2580169883,24,,,,1000,1010,,,
2026-03-15T23:18:08.162Z,market,trade,TESTE,99979.2198013014,75,,,,1007,1018,,,
2026-03-15T23:18:08.582Z,market,trade,TESTE,99977.5140577087,62,,,,1004,1015,,,
2026-03-15T23:18:08.998Z,market,trade,TESTE,99969.25803184703,142,,,,1001,1014,,,
2026-03-15T23:18:09.401Z,market,trade,TESTE,99979.75678108443,156,,,,1002,1015,,,
2026-03-15T23:18:09.805Z,market,trade,TESTE,99973.36992053268,149,,,,1007,1011,,,
2026-03-15T23:18:10.205Z,market,trade,TESTE,99974.4750704534,125,,,,1004,1014,,,
2026-03-15T23:18:10.620Z,market,trade,TESTE,99986.02430721643,62,,,,1004,1017,,,
2026-03-15T23:18:11.023Z,market,trade,TESTE,99977.43025151263,61,,,,1008,1016,,,
2026-03-15T23:18:11.425Z,market,trade,TESTE,99983.23469263666,65,,,,1009,1018,,,
2026-03-15T23:18:11.829Z,market,trade,TESTE,99973.07546270564,155,,,,1004,1011,,,
2026-03-15T23:18:12.236Z,market,trade,TESTE,99969.20850304708,172,,,,1005,1012,,,
2026-03-15T23:18:12.639Z,market,trade,TESTE,99964.21517983906,90,,,,1001,1019,,,
2026-03-15T23:18:13.042Z,market,trade,TESTE,99970.89104801431,101,,,,1000,1017,,,
2026-03-15T23:18:13.456Z,market,trade,TESTE,99974.82619899232,144,,,,1006,1013,,,
2026-03-15T23:18:13.860Z,market,trade,TESTE,99962.88495632238,153,,,,1000,1013,,,
2026-03-15T23:18:14.261Z,market,trade,TESTE,99977.84621965232,88,,,,1002,1017,,,
2026-03-15T23:18:14.666Z,market,trade,TESTE,99972.17876733791,121,,,,1008,1015,,,
2026-03-15T23:18:15.083Z,market,trade,TESTE,99979.72357787313,58,,,,1000,1017,,,
2026-03-15T23:18:15.486Z,market,trade,TESTE,99973.4522342124,81,,,,1005,1014,,,
2026-03-15T23:18:15.891Z,market,trade,TESTE,99970.61599684408,144,,,,1006,1013,,,
2026-03-15T23:18:16.305Z,market,trade,TESTE,99975.22606999443,54,,,,1009,1016,,,
2026-03-15T23:18:16.716Z,market,trade,TESTE,99988.50522387396,117,,,,1004,1016,,,
2026-03-15T23:18:17.121Z,market,trade,TESTE,99981.09004853218,87,,,,1004,1012,,,
2026-03-15T23:18:17.535Z,market,trade,TESTE,99986.65729523999,69,,,,1000,1011,,,
2026-03-15T23:18:17.941Z,market,trade,TESTE,99985.13876152878,11,,,,1001,1013,,,
2026-03-15T23:18:18.341Z,market,trade,TESTE,99983.46233287166,82,,,,1000,1018,,,
2026-03-15T23:18:18.747Z,market,trade,TESTE,99975.92656567677,48,,,,1008,1010,,,
2026-03-15T23:18:19.161Z,market,trade,TESTE,99971.5862668058,184,,,,1006,1014,,,
2026-03-15T23:18:19.563Z,market,trade,TESTE,99980.88651165429,99,,,,1000,1011,,,
2026-03-15T23:18:19.966Z,market,trade,TESTE,99975.8891571079,37,,,,1005,1011,,,
2026-03-15T23:18:20.381Z,market,trade,TESTE,99973.80144791989,26,,,,1000,1017,,,
2026-03-15T23:18:20.796Z,market,trade,TESTE,99962.40774142319,153,,,,1005,1019,,,
2026-03-15T23:18:21.207Z,market,trade,TESTE,99973.78048243855,113,,,,1001,1019,,,
2026-03-15T23:18:21.620Z,market,trade,TESTE,99960.255177611,127,,,,1001,1019,,,
2026-03-15T23:18:22.026Z,market,trade,TESTE,99955.34246399588,37,,,,1004,1010,,,
2026-03-15T23:18:22.430Z,market,trade,TESTE,99964.34147442266,158,,,,1007,1018,,,
2026-03-15T23:18:22.830Z,market,trade,TESTE,99963.88300857335,131,,,,1002,1017,,,
2026-03-15T23:18:23.241Z,market,trade,TESTE,99966.99457753956,130,,,,1004,1014,,,
2026-03-15T23:18:23.667Z,market,trade,TESTE,99955.92321610657,54,,,,1004,1014,,,
2026-03-15T23:18:24.086Z,market,trade,TESTE,99957.751197761,162,,,,1005,1012,,,
2026-03-15T23:18:24.498Z,market,trade,TESTE,99961.91216691573,82,,,,1002,1016,,,
2026-03-15T23:18:24.899Z,market,trade,TESTE,99962.22332898603,151,,,,1004,1013,,,
2026-03-15T23:18:25.306Z,market,trade,TESTE,99959.9164698499,48,,,,1007,1012,,,
2026-03-15T23:18:25.723Z,market,trade,TESTE,99973.72774985436,182,,,,1007,1010,,,
2026-03-15T23:18:26.127Z,market,trade,TESTE,99961.56789996219,86,,,,1006,1010,,,
2026-03-15T23:18:26.542Z,market,trade,TESTE,99962.337049368,199,,,,1002,1013,,,
2026-03-15T23:18:26.950Z,market,trade,TESTE,99976.44651572473,66,,,,1003,1017,,,
2026-03-15T23:18:27.361Z,market,trade,TESTE,99971.85035614947,157,,,,1006,1014,,,
2026-03-15T23:18:27.766Z,market,trade,TESTE,99971.28952217592,13,,,,1004,1018,,,
2026-03-15T23:18:28.179Z,market,trade,TESTE,99974.61925064471,134,,,,1005,1018,,,
2026-03-15T23:18:28.581Z,market,trade,TESTE,99971.2256584489,41,,,,1009,1018,,,
2026-03-15T23:18:28.988Z,market,trade,TESTE,99959.23028543274,117,,,,1001,1018,,,
2026-03-15T23:18:29.401Z,market,trade,TESTE,99964.63696024046,125,,,,1001,1017,,,
2026-03-15T23:18:29.806Z,market,trade,TESTE,99967.40480471584,169,,,,1005,1013,,,
2026-03-15T23:18:30.216Z,market,trade,TESTE,99964.81816844374,175,,,,1002,1010,,,
2026-03-15T23:18:30.617Z,market,trade,TESTE,99962.92062705805,58,,,,1006,1018,,,
2026-03-15T23:18:31.021Z,market,trade,TESTE,99962.27130565811,113,,,,1009,1010,,,
2026-03-15T23:18:31.425Z,market,trade,TESTE,99956.45255438166,56,,,,1003,1017,,,
2026-03-15T23:18:31.832Z,market,trade,TESTE,99966.18608553158,187,,,,1001,1010,,,
2026-03-15T23:18:32.234Z,market,trade,TESTE,99962.32549594804,58,,,,1004,1016,,,
2026-03-15T23:18:32.637Z,market,trade,TESTE,99953.16542950628,105,,,,1006,1013,,,
2026-03-15T23:18:33.041Z,market,trade,TESTE,99948.35907977168,182,,,,1005,1015,,,
2026-03-15T23:18:33.446Z,market,trade,TESTE,99946.6613246147,24,,,,1000,1018,,,
2026-03-15T23:18:33.854Z,market,trade,TESTE,99957.30199745568,195,,,,1002,1016,,,
2026-03-15T23:18:34.262Z,market,trade,TESTE,99945.37556617674,132,,,,1006,1015,,,
2026-03-15T23:18:34.666Z,market,trade,TESTE,99942.86694908039,145,,,,1002,1010,,,
2026-03-15T23:18:35.081Z,market,trade,TESTE,99939.44026944801,20,,,,1007,1010,,,
2026-03-15T23:18:35.486Z,market,trade,TESTE,99945.77788187274,115,,,,1000,1019,,,
2026-03-15T23:18:35.902Z,market,trade,TESTE,99945.97510563211,191,,,,1008,1018,,,
2026-03-15T23:18:36.318Z,market,trade,TESTE,99948.83337690352,155,,,,1004,1013,,,
2026-03-15T23:18:36.721Z,market,trade,TESTE,99952.91179980757,134,,,,1001,1019,,,
2026-03-15T23:18:37.126Z,market,trade,TESTE,99951.72522124434,65,,,,1007,1012,,,
2026-03-15T23:18:37.538Z,market,trade,TESTE,99953.36131907365,159,,,,1002,1014,,,
2026-03-15T23:18:37.942Z,market,trade,TESTE,99954.50892968642,88,,,,1002,1010,,,
2026-03-15T23:18:38.345Z,market,trade,TESTE,99940.74557483716,105,,,,1001,1017,,,
2026-03-15T23:18:38.762Z,market,trade,TESTE,99941.12335182168,13,,,,1006,1014,,,
2026-03-15T23:18:39.178Z,market,trade,TESTE,99937.1527016218,162,,,,1006,1015,,,
2026-03-15T23:18:39.581Z,market,trade,TESTE,99952.13579812388,142,,,,1003,1012,,,
2026-03-15T23:18:39.985Z,market,trade,TESTE,99937.78734674856,157,,,,1001,1010,,,
2026-03-15T23:18:40.386Z,market,trade,TESTE,99944.1540244035,182,,,,1002,1014,,,
2026-03-15T23:18:40.806Z,market,trade,TESTE,99943.761249578,113,,,,1003,1019,,,
2026-03-15T23:18:41.221Z,market,trade,TESTE,99937.76170492204,28,,,,1007,1017,,,
2026-03-15T23:18:41.626Z,market,trade,TESTE,99942.35243119819,92,,,,1009,1018,,,
2026-03-15T23:18:42.042Z,market,trade,TESTE,99952.14049590634,14,,,,1004,1011,,,
2026-03-15T23:18:42.446Z,market,trade,TESTE,99954.7830378621,82,,,,1005,1017,,,
2026-03-15T23:18:42.862Z,market,trade,TESTE,99943.24471857285,60,,,,1005,1015,,,
2026-03-15T23:18:43.266Z,market,trade,TESTE,99956.24266713104,151,,,,1008,1010,,,
2026-03-15T23:18:43.669Z,market,trade,TESTE,99958.84716133,142,,,,1004,1019,,,
2026-03-15T23:18:44.086Z,market,trade,TESTE,99956.10480913904,6,,,,1001,1018,,,
2026-03-15T23:18:44.486Z,market,trade,TESTE,99954.29848143391,124,,,,1001,1011,,,
2026-03-15T23:18:44.889Z,market,trade,TESTE,99951.4331508261,151,,,,1007,1016,,,
2026-03-15T23:18:45.289Z,market,trade,TESTE,99950.48737168961,101,,,,1003,1019,,,
2026-03-15T23:18:45.702Z,market,trade,TESTE,99951.7262842581,111,,,,1003,1019,,,
2026-03-15T23:18:46.116Z,market,trade,TESTE,99941.83519099791,113,,,,1005,1012,,,
2026-03-15T23:18:46.521Z,market,trade,TESTE,99949.31274031465,171,,,,1007,1016,,,
2026-03-15T23:18:46.922Z,market,trade,TESTE,99947.29715092682,199,,,,1000,1018,,,
2026-03-15T23:18:47.327Z,market,trade,TESTE,99940.50775847216,111,,,,1002,1011,,,
2026-03-15T23:18:47.746Z,market,trade,TESTE,99943.85402593775,185,,,,1009,1013,,,
2026-03-15T23:18:48.150Z,market,trade,TESTE,99942.71645667743,112,,,,1007,1012,,,
2026-03-15T23:18:48.561Z,market,trade,TESTE,99941.99613753047,156,,,,1000,1016,,,
2026-03-15T23:18:48.969Z,market,trade,TESTE,99948.0757753288,95,,,,1005,1013,,,
2026-03-15T23:18:49.381Z,market,trade,TESTE,99941.31053181215,114,,,,1004,1014,,,
2026-03-15T23:18:49.781Z,market,trade,TESTE,99949.2364013329,128,,,,1005,1019,,,
2026-03-15T23:18:50.182Z,market,trade,TESTE,99953.33566136594,148,,,,1008,1016,,,
2026-03-15T23:18:50.589Z,market,trade,TESTE,99940.0568838959,122,,,,1003,1019,,,
2026-03-15T23:18:50.991Z,market,trade,TESTE,99941.38407702929,40,,,,1004,1018,,,
2026-03-15T23:18:51.404Z,market,trade,TESTE,99951.95997946923,10,,,,1002,1017,,,
2026-03-15T23:18:51.817Z,market,trade,TESTE,99937.9463096907,160,,,,1000,1014,,,
2026-03-15T23:18:52.220Z,market,trade,TESTE,99935.83698029417,104,,,,1002,1010,,,
2026-03-15T23:18:52.626Z,market,trade,TESTE,99942.21539207821,89,,,,1000,1011,,,
2026-03-15T23:18:53.035Z,market,trade,TESTE,99946.34543373706,188,,,,1005,1016,,,
2026-03-15T23:18:53.450Z,market,trade,TESTE,99942.0192182167,199,,,,1000,1011,,,
2026-03-15T23:18:53.853Z,market,trade,TESTE,99945.96933848648,13,,,,1008,1017,,,
2026-03-15T23:18:54.256Z,market,trade,TESTE,99950.58907229811,173,,,,1005,1012,,,
2026-03-15T23:18:54.657Z,market,trade,TESTE,99941.58409800503,118,,,,1002,1015,,,
2026-03-15T23:18:55.059Z,market,trade,TESTE,99950.63518483186,150,,,,1001,1010,,,
2026-03-15T23:18:55.463Z,market,trade,TESTE,99943.44014580094,6,,,,1000,1013,,,
2026-03-15T23:18:55.878Z,market,trade,TESTE,99946.42192652819,107,,,,1004,1015,,,
2026-03-15T23:18:56.281Z,market,trade,TESTE,99957.84385791398,197,,,,1002,1012,,,
2026-03-15T23:18:56.690Z,market,trade,TESTE,99959.21042409695,170,,,,1006,1018,,,
2026-03-15T23:18:57.104Z,market,trade,TESTE,99957.56952362935,190,,,,1002,1014,,,
2026-03-15T23:18:57.517Z,market,trade,TESTE,99960.56688501875,103,,,,1002,1016,,,
2026-03-15T23:18:57.920Z,market,trade,TESTE,99955.26942593482,105,,,,1005,1015,,,
2026-03-15T23:18:58.326Z,market,trade,TESTE,99953.1317983308,130,,,,1007,1012,,,
2026-03-15T23:18:58.731Z,market,trade,TESTE,99953.34801880494,42,,,,1004,1010,,,
2026-03-15T23:18:59.133Z,market,trade,TESTE,99948.55427453689,82,,,,1000,1010,,,
2026-03-15T23:18:59.537Z,market,trade,TESTE,99948.07030247377,37,,,,1007,1017,,,
2026-03-15T23:18:59.952Z,market,trade,TESTE,99946.38097582957,139,,,,1004,1012,,,
2026-03-15T23:19:00.356Z,market,trade,TESTE,99948.00599469792,59,,,,1003,1012,,,
2026-03-15T23:19:00.759Z,market,trade,TESTE,99957.83971273349,104,,,,1008,1010,,,
2026-03-15T23:19:01.162Z,market,trade,TESTE,99945.12704078168,51,,,,1008,1015,,,
2026-03-15T23:19:01.569Z,market,trade,TESTE,99945.35946437539,104,,,,1004,1014,,,
2026-03-15T23:19:01.971Z,market,trade,TESTE,99956.11039538724,118,,,,1005,1011,,,
2026-03-15T23:19:02.372Z,market,trade,TESTE,99942.9973224657,163,,,,1008,1013,,,
2026-03-15T23:19:02.774Z,market,trade,TESTE,99946.5340112528,16,,,,1006,1015,,,
2026-03-15T23:19:03.180Z,market,trade,TESTE,99944.28460908594,22,,,,1001,1017,,,
2026-03-15T23:19:03.593Z,market,trade,TESTE,99955.3546729292,26,,,,1006,1010,,,
2026-03-15T23:19:03.999Z,market,trade,TESTE,99955.20431741887,188,,,,1005,1015,,,
2026-03-15T23:19:04.404Z,market,trade,TESTE,99941.50358409976,105,,,,1008,1015,,,
2026-03-15T23:19:04.815Z,market,trade,TESTE,99938.68973579316,45,,,,1002,1012,,,
2026-03-15T23:19:05.221Z,market,trade,TESTE,99949.31986918257,108,,,,1002,1013,,,
2026-03-15T23:19:05.629Z,market,trade,TESTE,99943.21722275205,11,,,,1002,1019,,,
2026-03-15T23:19:06.046Z,market,trade,TESTE,99953.68594118579,141,,,,1006,1016,,,
2026-03-15T23:19:06.451Z,market,trade,TESTE,99948.66543133269,90,,,,1000,1013,,,
2026-03-15T23:19:06.858Z,market,trade,TESTE,99961.5650355042,117,,,,1001,1017,,,
2026-03-15T23:19:07.260Z,market,trade,TESTE,99952.06959102841,132,,,,1009,1012,,,
2026-03-15T23:19:07.667Z,market,trade,TESTE,99965.24259493484,113,,,,1003,1017,,,
2026-03-15T23:19:08.082Z,market,trade,TESTE,99959.55656645748,146,,,,1006,1017,,,
2026-03-15T23:19:08.483Z,market,trade,TESTE,99967.92160794279,66,,,,1008,1018,,,
2026-03-15T23:19:08.884Z,market,trade,TESTE,99971.89775782249,56,,,,1001,1014,,,
2026-03-15T23:19:09.299Z,market,trade,TESTE,99957.36650948344,59,,,,1000,1017,,,
2026-03-15T23:19:09.706Z,market,trade,TESTE,99966.52232592752,61,,,,1009,1012,,,
2026-03-15T23:19:10.109Z,market,trade,TESTE,99970.08682749332,178,,,,1003,1011,,,
2026-03-15T23:19:10.513Z,market,trade,TESTE,99974.33013825386,13,,,,1007,1013,,,
2026-03-15T23:19:10.918Z,market,trade,TESTE,99977.531834654,36,,,,1004,1012,,,
2026-03-15T23:19:11.321Z,market,trade,TESTE,99967.61796790024,88,,,,1009,1014,,,
2026-03-15T23:19:11.737Z,market,trade,TESTE,99970.0602415734,63,,,,1000,1014,,,
2026-03-15T23:19:12.142Z,market,trade,TESTE,99970.91402543453,34,,,,1001,1018,,,
2026-03-15T23:19:12.557Z,market,trade,TESTE,99975.42729007365,188,,,,1008,1019,,,
2026-03-15T23:19:12.962Z,market,trade,TESTE,99974.18557069279,177,,,,1007,1019,,,
2026-03-15T23:19:13.378Z,market,trade,TESTE,99978.85429468505,197,,,,1000,1011,,,
2026-03-15T23:19:13.783Z,market,trade,TESTE,99984.03188451548,107,,,,1004,1018,,,
2026-03-15T23:19:14.183Z,market,trade,TESTE,99980.64067026196,125,,,,1009,1010,,,
2026-03-15T23:19:14.598Z,market,trade,TESTE,99973.49056272607,84,,,,1007,1016,,,
2026-03-15T23:19:15.001Z,market,trade,TESTE,99985.59418959505,166,,,,1006,1012,,,
2026-03-15T23:19:15.402Z,market,trade,TESTE,99973.15180410164,56,,,,1008,1014,,,
2026-03-15T23:19:15.807Z,market,trade,TESTE,99975.2083087524,36,,,,1008,1015,,,
2026-03-15T23:19:16.208Z,market,trade,TESTE,99973.12815641098,193,,,,1003,1018,,,
2026-03-15T23:19:16.613Z,market,trade,TESTE,99976.84825664871,6,,,,1002,1013,,,
2026-03-15T23:19:17.017Z,market,trade,TESTE,99978.24409230328,83,,,,1002,1018,,,
2026-03-15T23:19:17.432Z,market,trade,TESTE,99974.69934875931,163,,,,1009,1017,,,
2026-03-15T23:19:17.838Z,market,trade,TESTE,99980.28418628237,150,,,,1008,1010,,,
2026-03-15T23:19:18.243Z,market,trade,TESTE,99971.46790606265,196,,,,1009,1016,,,
2026-03-15T23:19:18.658Z,market,trade,TESTE,99972.3215877979,135,,,,1009,1019,,,
2026-03-15T23:19:19.061Z,market,trade,TESTE,99987.15803795154,46,,,,1005,1018,,,
2026-03-15T23:19:19.473Z,market,trade,TESTE,99975.21060362858,34,,,,1008,1013,,,
2026-03-15T23:19:19.882Z,market,trade,TESTE,99977.79568842787,168,,,,1009,1017,,,
2026-03-15T23:19:20.289Z,market,trade,TESTE,99975.67633961831,99,,,,1003,1018,,,
2026-03-15T23:19:20.690Z,market,trade,TESTE,99989.00270454302,56,,,,1002,1012,,,
2026-03-15T23:19:21.094Z,market,trade,TESTE,99988.16333399886,91,,,,1002,1013,,,
2026-03-15T23:19:21.498Z,market,trade,TESTE,99976.06212552908,89,,,,1009,1013,,,
2026-03-15T23:19:21.902Z,market,trade,TESTE,99974.6709321532,21,,,,1008,1012,,,
2026-03-15T23:19:22.303Z,market,trade,TESTE,99971.46124066591,89,,,,1008,1012,,,
2026-03-15T23:19:22.703Z,market,trade,TESTE,99976.61309644293,146,,,,1009,1017,,,
2026-03-15T23:19:23.108Z,market,trade,TESTE,99964.53944421385,78,,,,1001,1016,,,
2026-03-15T23:19:23.512Z,market,trade,TESTE,99977.9770440933,130,,,,1005,1015,,,
2026-03-15T23:19:23.919Z,market,trade,TESTE,99967.36514708283,12,,,,1001,1019,,,
2026-03-15T23:19:24.328Z,market,trade,TESTE,99965.25138650594,28,,,,1003,1010,,,
2026-03-15T23:19:24.762Z,market,trade,TESTE,99964.22963902375,149,,,,1002,1019,,,
2026-03-15T23:19:25.176Z,market,trade,TESTE,99972.83940222359,118,,,,1006,1015,,,
2026-03-15T23:19:25.580Z,market,trade,TESTE,99965.4350418405,116,,,,1005,1014,,,
2026-03-15T23:19:25.981Z,market,trade,TESTE,99975.64211646272,35,,,,1001,1019,,,
2026-03-15T23:19:26.388Z,market,trade,TESTE,99979.2082163101,112,,,,1007,1011,,,
2026-03-15T23:19:26.944Z,market,trade,TESTE,99974.03773766056,200,,,,1005,1014,,,
2026-03-15T23:19:27.378Z,market,trade,TESTE,99977.67719859554,15,,,,1004,1013,,,
2026-03-15T23:19:27.786Z,market,trade,TESTE,99981.78946128437,75,,,,1004,1010,,,
2026-03-15T23:19:28.189Z,market,trade,TESTE,99982.2815119505,25,,,,1000,1014,,,
2026-03-15T23:19:28.616Z,market,trade,TESTE,99983.44185291963,105,,,,1001,1013,,,
2026-03-15T23:19:29.033Z,market,trade,TESTE,99985.50170509065,125,,,,1003,1015,,,
2026-03-15T23:19:29.441Z,market,trade,TESTE,99987.06241220942,15,,,,1000,1014,,,
2026-03-15T23:19:29.843Z,market,trade,TESTE,99996.87229900897,77,,,,1001,1016,,,
2026-03-15T23:19:30.244Z,market,trade,TESTE,99983.64897092873,140,,,,1003,1012,,,
2026-03-15T23:19:30.649Z,market,trade,TESTE,99986.47990075039,67,,,,1009,1014,,,
2026-03-15T23:19:31.050Z,market,trade,TESTE,99983.80161764192,147,,,,1000,1019,,,
2026-03-15T23:19:31.541Z,market,trade,TESTE,99982.71597117723,95,,,,1004,1011,,,
2026-03-15T23:19:31.944Z,market,trade,TESTE,99997.58723115135,123,,,,1005,1018,,,
2026-03-15T23:19:32.347Z,market,trade,TESTE,100002.20632329871,122,,,,1002,1013,,,
2026-03-15T23:19:32.755Z,market,trade,TESTE,99988.1503046816,148,,,,1001,1012,,,
2026-03-15T23:19:33.172Z,market,trade,TESTE,99985.68916551875,114,,,,1004,1012,,,
2026-03-15T23:19:33.574Z,market,trade,TESTE,99988.04082703196,86,,,,1009,1012,,,
2026-03-15T23:19:33.981Z,market,trade,TESTE,99983.4108939386,137,,,,1002,1019,,,
2026-03-15T23:19:34.390Z,market,trade,TESTE,99988.26319508527,131,,,,1005,1019,,,
2026-03-15T23:19:34.803Z,market,trade,TESTE,99998.32747306755,22,,,,1006,1012,,,
2026-03-15T23:19:35.210Z,market,trade,TESTE,99991.53570350436,61,,,,1009,1019,,,
2026-03-15T23:19:35.613Z,market,trade,TESTE,99988.70144853268,133,,,,1006,1010,,,
2026-03-15T23:19:36.017Z,market,trade,TESTE,99995.02525550415,189,,,,1004,1011,,,
2026-03-15T23:19:36.432Z,market,trade,TESTE,99980.96385084439,149,,,,1007,1010,,,
2026-03-15T23:19:36.833Z,market,trade,TESTE,99992.55927871562,105,,,,1002,1011,,,
2026-03-15T23:19:37.234Z,market,trade,TESTE,99980.63153357238,200,,,,1002,1015,,,
2026-03-15T23:19:37.649Z,market,trade,TESTE,99977.08392535913,37,,,,1007,1017,,,
2026-03-15T23:19:38.054Z,market,trade,TESTE,99977.05522923195,53,,,,1000,1019,,,
2026-03-15T23:19:38.457Z,market,trade,TESTE,99976.55931697367,191,,,,1002,1014,,,
2026-03-15T23:19:38.862Z,market,trade,TESTE,99971.66087697717,120,,,,1008,1013,,,
2026-03-15T23:19:39.266Z,market,trade,TESTE,99986.43520247919,133,,,,1007,1015,,,
2026-03-15T23:19:39.668Z,market,trade,TESTE,99974.5516916108,188,,,,1007,1012,,,
2026-03-15T23:19:40.069Z,market,trade,TESTE,99977.75808625971,140,,,,1009,1019,,,
2026-03-15T23:19:40.476Z,market,trade,TESTE,99978.04131420395,187,,,,1002,1013,,,
2026-03-15T23:19:40.890Z,market,trade,TESTE,99985.59019014255,52,,,,1006,1018,,,
2026-03-15T23:19:41.296Z,market,trade,TESTE,99982.97252411135,148,,,,1002,1014,,,
2026-03-15T23:19:41.699Z,market,trade,TESTE,99981.74723443032,180,,,,1003,1010,,,
2026-03-15T23:19:42.109Z,market,trade,TESTE,99969.20014799184,161,,,,1009,1016,,,
2026-03-15T23:19:42.513Z,market,trade,TESTE,99964.78972838748,200,,,,1006,1011,,,
2026-03-15T23:19:42.916Z,market,trade,TESTE,99972.26395124415,191,,,,1008,1015,,,
2026-03-15T23:19:43.319Z,market,trade,TESTE,99973.24529706975,115,,,,1005,1016,,,
2026-03-15T23:19:43.725Z,market,trade,TESTE,99962.86220453447,160,,,,1007,1016,,,
2026-03-15T23:19:44.128Z,market,trade,TESTE,99961.9764429316,119,,,,1003,1014,,,
2026-03-15T23:19:44.532Z,market,trade,TESTE,99958.4163129391,143,,,,1006,1012,,,
2026-03-15T23:19:44.936Z,market,trade,TESTE,99954.5972732645,97,,,,1009,1018,,,
2026-03-15T23:19:45.351Z,market,trade,TESTE,99962.84539123937,137,,,,1007,1014,,,
2026-03-15T23:19:45.753Z,market,trade,TESTE,99950.86972851679,14,,,,1003,1014,,,
2026-03-15T23:19:46.154Z,market,trade,TESTE,99950.40534412452,113,,,,1006,1019,,,
2026-03-15T23:19:46.561Z,market,trade,TESTE,99962.52387596032,14,,,,1004,1010,,,
2026-03-15T23:19:46.963Z,market,trade,TESTE,99949.75494136872,171,,,,1007,1015,,,
2026-03-15T23:19:47.368Z,market,trade,TESTE,99962.01494102343,72,,,,1008,1019,,,
2026-03-15T23:19:47.769Z,market,trade,TESTE,99951.54856864573,134,,,,1007,1014,,,
2026-03-15T23:19:48.173Z,market,trade,TESTE,99952.81749953618,188,,,,1001,1010,,,
2026-03-15T23:19:48.574Z,market,trade,TESTE,99964.5309474561,147,,,,1001,1013,,,
2026-03-15T23:19:48.978Z,market,trade,TESTE,99951.25071394882,13,,,,1009,1014,,,
2026-03-15T23:19:49.379Z,market,trade,TESTE,99958.21336692212,150,,,,1006,1019,,,
2026-03-15T23:19:49.780Z,market,trade,TESTE,99961.35521302222,134,,,,1005,1019,,,
2026-03-15T23:19:50.186Z,market,trade,TESTE,99963.21623455227,200,,,,1003,1014,,,
2026-03-15T23:19:50.589Z,market,trade,TESTE,99954.63359091162,14,,,,1003,1010,,,
2026-03-15T23:19:50.993Z,market,trade,TESTE,99954.2308144475,45,,,,1005,1017,,,
2026-03-15T23:19:51.410Z,market,trade,TESTE,99964.46337860484,116,,,,1006,1013,,,
2026-03-15T23:19:51.820Z,market,trade,TESTE,99964.0128031938,78,,,,1005,1018,,,
2026-03-15T23:19:52.232Z,market,trade,TESTE,99963.98598672038,180,,,,1006,1014,,,
2026-03-15T23:19:52.639Z,market,trade,TESTE,99961.3716004253,182,,,,1000,1019,,,
2026-03-15T23:19:53.053Z,market,trade,TESTE,99956.12289629433,126,,,,1001,1016,,,
2026-03-15T23:19:53.457Z,market,trade,TESTE,99952.93778501946,157,,,,1003,1014,,,
2026-03-15T23:19:53.860Z,market,trade,TESTE,99948.04664329134,68,,,,1006,1010,,,
2026-03-15T23:19:54.275Z,market,trade,TESTE,99950.34039370513,14,,,,1008,1017,,,
2026-03-15T23:19:54.681Z,market,trade,TESTE,99964.15480145083,43,,,,1006,1018,,,
2026-03-15T23:19:55.096Z,market,trade,TESTE,99962.29093784407,186,,,,1000,1013,,,
2026-03-15T23:19:55.502Z,market,trade,TESTE,99954.66841716197,92,,,,1000,1019,,,
2026-03-15T23:19:55.917Z,market,trade,TESTE,99959.20203374076,81,,,,1009,1012,,,
2026-03-15T23:19:56.325Z,market,trade,TESTE,99970.03616333236,101,,,,1002,1013,,,
2026-03-15T23:19:56.729Z,market,trade,TESTE,99955.22536338623,92,,,,1000,1016,,,
2026-03-15T23:19:57.132Z,market,trade,TESTE,99967.99431562332,8,,,,1004,1010,,,
2026-03-15T23:19:57.539Z,market,trade,TESTE,99955.59476135686,13,,,,1002,1013,,,
2026-03-15T23:19:57.946Z,market,trade,TESTE,99966.24524226385,49,,,,1007,1019,,,
2026-03-15T23:19:58.349Z,market,trade,TESTE,99968.77533834943,157,,,,1004,1015,,,
2026-03-15T23:19:58.753Z,market,trade,TESTE,99961.19848675233,100,,,,1002,1017,,,
2026-03-15T23:19:59.158Z,market,trade,TESTE,99961.96351167622,59,,,,1007,1012,,,
2026-03-15T23:19:59.560Z,market,trade,TESTE,99973.16550763426,193,,,,1005,1018,,,
2026-03-15T23:19:59.962Z,market,trade,TESTE,99965.97663509118,114,,,,1000,1015,,,
2026-03-15T23:20:00.370Z,market,trade,TESTE,99978.06996609618,6,,,,1008,1017,,,
2026-03-15T23:20:00.775Z,market,trade,TESTE,99974.51072313827,46,,,,1002,1016,,,
2026-03-15T23:20:01.177Z,market,trade,TESTE,99962.28862179209,47,,,,1008,1012,,,
2026-03-15T23:20:01.582Z,market,trade,TESTE,99960.01278597784,196,,,,1003,1013,,,
2026-03-15T23:20:01.987Z,market,trade,TESTE,99960.05058902492,48,,,,1009,1013,,,
2026-03-15T23:20:02.392Z,market,trade,TESTE,99973.6464623861,189,,,,1004,1013,,,
2026-03-15T23:20:02.794Z,market,trade,TESTE,99977.29206956134,198,,,,1009,1012,,,
2026-03-15T23:20:03.206Z,market,trade,TESTE,99979.1157059045,161,,,,1008,1018,,,
2026-03-15T23:20:03.614Z,market,trade,TESTE,99972.83355337485,86,,,,1005,1016,,,
2026-03-15T23:20:04.019Z,market,trade,TESTE,99971.48597705831,159,,,,1007,1016,,,
2026-03-15T23:20:04.426Z,market,trade,TESTE,99967.79739026392,41,,,,1005,1012,,,
2026-03-15T23:20:04.833Z,market,trade,TESTE,99970.1259659272,93,,,,1005,1011,,,
2026-03-15T23:20:05.241Z,market,trade,TESTE,99984.20306849811,118,,,,1004,1013,,,
2026-03-15T23:20:05.642Z,market,trade,TESTE,99971.58650241594,190,,,,1006,1012,,,
2026-03-15T23:20:06.046Z,market,trade,TESTE,99969.4630973781,89,,,,1000,1013,,,
2026-03-15T23:20:06.461Z,market,trade,TESTE,99984.11897641644,161,,,,1004,1010,,,
2026-03-15T23:20:06.886Z,market,trade,TESTE,99972.77056297404,187,,,,1004,1014,,,
2026-03-15T23:20:07.302Z,market,trade,TESTE,99973.474303779,137,,,,1009,1010,,,
2026-03-15T23:20:07.717Z,market,trade,TESTE,99980.54597909802,197,,,,1003,1013,,,
2026-03-15T23:20:08.122Z,market,trade,TESTE,99983.47838770732,187,,,,1006,1014,,,
2026-03-15T23:20:08.526Z,market,trade,TESTE,99971.43148385377,64,,,,1006,1011,,,
2026-03-15T23:20:08.935Z,market,trade,TESTE,99970.229361346,83,,,,1001,1017,,,
2026-03-15T23:20:09.342Z,market,trade,TESTE,99968.74291456302,82,,,,1000,1019,,,
2026-03-15T23:20:09.746Z,market,trade,TESTE,99975.59529581133,143,,,,1000,1018,,,
2026-03-15T23:20:10.147Z,market,trade,TESTE,99971.273317571,12,,,,1006,1013,,,
2026-03-15T23:20:10.560Z,market,trade,TESTE,99970.77065690888,53,,,,1008,1017,,,
2026-03-15T23:20:10.961Z,market,trade,TESTE,99958.90892350512,145,,,,1006,1018,,,
2026-03-15T23:20:11.377Z,market,trade,TESTE,99965.55654825628,151,,,,1004,1018,,,
2026-03-15T23:20:11.782Z,market,trade,TESTE,99970.18517981558,83,,,,1000,1017,,,
2026-03-15T23:20:12.182Z,market,trade,TESTE,99970.58674593792,14,,,,1005,1010,,,
2026-03-15T23:20:12.591Z,market,trade,TESTE,99964.36626432578,49,,,,1009,1010,,,
2026-03-15T23:20:13.001Z,market,trade,TESTE,99976.23883322328,90,,,,1005,1018,,,
2026-03-15T23:20:13.402Z,market,trade,TESTE,99963.02036194448,194,,,,1009,1016,,,
2026-03-15T23:20:13.805Z,market,trade,TESTE,99967.71363555086,99,,,,1006,1012,,,
2026-03-15T23:20:14.206Z,market,trade,TESTE,99975.90109780665,14,,,,1004,1014,,,
2026-03-15T23:20:14.617Z,market,trade,TESTE,99968.46212295629,194,,,,1007,1017,,,
2026-03-15T23:20:15.025Z,market,trade,TESTE,99970.65201677983,112,,,,1008,1011,,,
2026-03-15T23:20:15.440Z,market,trade,TESTE,99967.17582275059,157,,,,1000,1019,,,
2026-03-15T23:20:15.852Z,market,trade,TESTE,99968.15925770698,35,,,,1003,1012,,,
2026-03-15T23:20:16.259Z,market,trade,TESTE,99971.98098801929,66,,,,1003,1016,,,
2026-03-15T23:20:16.665Z,market,trade,TESTE,99976.09107253983,130,,,,1008,1017,,,
2026-03-15T23:20:17.073Z,market,trade,TESTE,99972.09447582043,158,,,,1009,1013,,,
2026-03-15T23:20:17.485Z,market,trade,TESTE,99974.1763962509,187,,,,1009,1015,,,
2026-03-15T23:20:17.886Z,market,trade,TESTE,99985.1175583902,44,,,,1005,1012,,,
2026-03-15T23:20:18.290Z,market,trade,TESTE,99970.22795899292,129,,,,1006,1011,,,
2026-03-15T23:20:18.705Z,market,trade,TESTE,99969.45345644809,188,,,,1004,1017,,,
2026-03-15T23:20:19.109Z,market,trade,TESTE,99974.57747040833,171,,,,1003,1016,,,
2026-03-15T23:20:19.510Z,market,trade,TESTE,99965.54568571909,14,,,,1009,1014,,,
2026-03-15T23:20:19.910Z,market,trade,TESTE,99972.64564386579,5,,,,1002,1011,,,
2026-03-15T23:20:20.325Z,market,trade,TESTE,99974.10149609766,64,,,,1000,1019,,,
2026-03-15T23:20:20.730Z,market,trade,TESTE,99976.46382457012,94,,,,1001,1019,,,
2026-03-15T23:20:21.131Z,market,trade,TESTE,99977.51978478144,149,,,,1001,1011,,,
2026-03-15T23:20:21.545Z,market,trade,TESTE,99969.87343701172,47,,,,1003,1015,,,
2026-03-15T23:20:21.946Z,market,trade,TESTE,99969.15616872585,199,,,,1000,1013,,,
2026-03-15T23:20:22.350Z,market,trade,TESTE,99977.89989944716,93,,,,1008,1014,,,
2026-03-15T23:20:22.751Z,market,trade,TESTE,99978.70839515862,80,,,,1002,1016,,,
2026-03-15T23:20:23.165Z,market,trade,TESTE,99975.613205217,130,,,,1005,1018,,,
2026-03-15T23:20:23.577Z,market,trade,TESTE,99975.43722188252,51,,,,1006,1019,,,
2026-03-15T23:20:23.986Z,market,trade,TESTE,99961.17099117365,183,,,,1000,1015,,,
2026-03-15T23:20:24.390Z,market,trade,TESTE,99965.46071027732,18,,,,1006,1015,,,
2026-03-15T23:20:24.790Z,market,trade,TESTE,99974.71415769405,138,,,,1007,1014,,,
2026-03-15T23:20:25.204Z,market,trade,TESTE,99968.89851888007,79,,,,1007,1017,,,
2026-03-15T23:20:25.605Z,market,trade,TESTE,99977.87718962121,15,,,,1005,1016,,,
2026-03-15T23:20:26.010Z,market,trade,TESTE,99968.33751968518,122,,,,1001,1012,,,
2026-03-15T23:20:26.410Z,market,trade,TESTE,99964.23126046904,195,,,,1009,1015,,,
2026-03-15T23:20:26.826Z,market,trade,TESTE,99961.35266366658,57,,,,1007,1017,,,
2026-03-15T23:20:27.241Z,market,trade,TESTE,99967.56280536036,28,,,,1004,1015,,,
2026-03-15T23:20:27.650Z,market,trade,TESTE,99967.0595479286,35,,,,1008,1018,,,
2026-03-15T23:20:28.064Z,market,trade,TESTE,99953.91810739558,30,,,,1000,1011,,,
2026-03-15T23:20:28.465Z,market,trade,TESTE,99968.34168013468,90,,,,1005,1019,,,
2026-03-15T23:20:28.885Z,market,trade,TESTE,99961.12831622125,95,,,,1006,1011,,,
2026-03-15T23:20:29.287Z,market,trade,TESTE,99972.25426234401,187,,,,1009,1010,,,
2026-03-15T23:20:29.690Z,market,trade,TESTE,99967.30156677523,154,,,,1000,1013,,,
2026-03-15T23:20:30.093Z,market,trade,TESTE,99971.17324778489,117,,,,1007,1017,,,
2026-03-15T23:20:30.506Z,market,trade,TESTE,99966.36985534077,71,,,,1001,1010,,,
2026-03-15T23:20:30.910Z,market,trade,TESTE,99967.3316217012,129,,,,1000,1010,,,
2026-03-15T23:20:31.324Z,market,trade,TESTE,99963.4619882246,191,,,,1009,1017,,,
2026-03-15T23:20:31.745Z,market,trade,TESTE,99948.60272216143,97,,,,1004,1010,,,
2026-03-15T23:20:32.151Z,market,trade,TESTE,99947.80146100144,116,,,,1009,1011,,,
2026-03-15T23:20:32.565Z,market,trade,TESTE,99954.13533313727,63,,,,1006,1015,,,
2026-03-15T23:20:32.969Z,market,trade,TESTE,99947.60867691877,199,,,,1002,1011,,,
2026-03-15T23:20:33.369Z,market,trade,TESTE,99947.43872173839,199,,,,1008,1010,,,
2026-03-15T23:20:33.769Z,market,trade,TESTE,99950.44771773122,174,,,,1003,1017,,,
2026-03-15T23:20:34.185Z,market,trade,TESTE,99947.39610922344,177,,,,1003,1011,,,
2026-03-15T23:20:34.589Z,market,trade,TESTE,99958.41289116058,72,,,,1009,1011,,,
2026-03-15T23:20:35.005Z,market,trade,TESTE,99954.6650959563,54,,,,1003,1010,,,
2026-03-15T23:20:35.409Z,market,trade,TESTE,99949.7119494151,75,,,,1001,1017,,,
2026-03-15T23:20:35.825Z,market,trade,TESTE,99943.77633042373,132,,,,1003,1011,,,
2026-03-15T23:20:36.226Z,market,trade,TESTE,99949.48277870366,141,,,,1007,1011,,,
2026-03-15T23:20:36.630Z,market,trade,TESTE,99954.12024832166,173,,,,1004,1010,,,
2026-03-15T23:20:37.045Z,market,trade,TESTE,99955.93747418807,190,,,,1009,1013,,,
2026-03-15T23:20:37.450Z,market,trade,TESTE,99954.17763992594,39,,,,1004,1013,,,
2026-03-15T23:20:37.859Z,market,trade,TESTE,99939.73738827699,188,,,,1006,1012,,,
2026-03-15T23:20:38.265Z,market,trade,TESTE,99950.72826551947,111,,,,1005,1012,,,
2026-03-15T23:20:38.665Z,market,trade,TESTE,99951.89656716296,168,,,,1009,1018,,,
2026-03-15T23:20:39.085Z,market,trade,TESTE,99956.54131001675,152,,,,1000,1017,,,
2026-03-15T23:20:39.500Z,market,trade,TESTE,99947.79059361097,82,,,,1002,1015,,,
2026-03-15T23:20:39.914Z,market,trade,TESTE,99945.71865325581,190,,,,1004,1018,,,
2026-03-15T23:20:40.325Z,market,trade,TESTE,99945.13179787404,139,,,,1005,1017,,,
2026-03-15T23:20:40.729Z,market,trade,TESTE,99954.26555118423,50,,,,1002,1010,,,
2026-03-15T23:20:41.131Z,market,trade,TESTE,99950.80123856598,88,,,,1003,1018,,,
2026-03-15T23:20:41.544Z,market,trade,TESTE,99941.7827245562,174,,,,1006,1013,,,
2026-03-15T23:20:41.945Z,market,trade,TESTE,99941.19647145846,73,,,,1000,1013,,,
2026-03-15T23:20:42.348Z,market,trade,TESTE,99949.07472433914,72,,,,1009,1016,,,
2026-03-15T23:20:42.759Z,market,trade,TESTE,99936.06106617476,119,,,,1000,1019,,,
2026-03-15T23:20:43.164Z,market,trade,TESTE,99947.8389610657,78,,,,1000,1017,,,
2026-03-15T23:20:43.569Z,market,trade,TESTE,99934.86485342226,47,,,,1007,1012,,,
2026-03-15T23:20:43.970Z,market,trade,TESTE,99932.63842247377,83,,,,1009,1013,,,
2026-03-15T23:20:44.376Z,market,trade,TESTE,99932.63560353956,185,,,,1006,1013,,,
2026-03-15T23:20:44.787Z,market,trade,TESTE,99945.91139782382,33,,,,1005,1017,,,
2026-03-15T23:20:45.202Z,market,trade,TESTE,99935.44103835586,179,,,,1003,1017,,,
2026-03-15T23:20:45.605Z,market,trade,TESTE,99933.73286006822,124,,,,1003,1013,,,
2026-03-15T23:20:46.009Z,market,trade,TESTE,99930.35278358872,33,,,,1004,1016,,,
2026-03-15T23:20:46.419Z,market,trade,TESTE,99944.55264275742,113,,,,1000,1018,,,
2026-03-15T23:20:46.830Z,market,trade,TESTE,99931.68910332878,174,,,,1005,1013,,,
2026-03-15T23:20:47.245Z,market,trade,TESTE,99933.06669470867,125,,,,1001,1010,,,
2026-03-15T23:20:47.649Z,market,trade,TESTE,99944.83689732036,168,,,,1002,1010,,,
2026-03-15T23:20:48.064Z,market,trade,TESTE,99943.78298237482,132,,,,1005,1010,,,
2026-03-15T23:20:48.469Z,market,trade,TESTE,99942.78260318129,106,,,,1009,1010,,,
2026-03-15T23:20:48.869Z,market,trade,TESTE,99933.38998438079,17,,,,1008,1019,,,
2026-03-15T23:20:49.269Z,market,trade,TESTE,99936.3863187542,30,,,,1003,1013,,,
2026-03-15T23:20:49.684Z,market,trade,TESTE,99935.4477749196,19,,,,1009,1016,,,
2026-03-15T23:20:50.085Z,market,trade,TESTE,99940.56912589795,121,,,,1003,1019,,,
2026-03-15T23:20:50.502Z,market,trade,TESTE,99926.01609899562,141,,,,1002,1017,,,
2026-03-15T23:20:50.905Z,market,trade,TESTE,99923.97559968817,22,,,,1005,1019,,,
2026-03-15T23:20:51.306Z,market,trade,TESTE,99922.64005667096,8,,,,1002,1019,,,
2026-03-15T23:20:51.721Z,market,trade,TESTE,99928.29260662338,93,,,,1003,1014,,,
2026-03-15T23:20:52.125Z,market,trade,TESTE,99922.70868488334,155,,,,1004,1012,,,
2026-03-15T23:20:52.525Z,market,trade,TESTE,99933.97646338535,92,,,,1000,1019,,,
2026-03-15T23:20:52.941Z,market,trade,TESTE,99920.5472955503,51,,,,1009,1017,,,
2026-03-15T23:20:53.346Z,market,trade,TESTE,99917.58090631221,87,,,,1007,1014,,,
2026-03-15T23:20:53.761Z,market,trade,TESTE,99930.71513259505,148,,,,1004,1017,,,
2026-03-15T23:20:54.166Z,market,trade,TESTE,99934.38844278624,42,,,,1008,1019,,,
2026-03-15T23:20:54.581Z,market,trade,TESTE,99929.15360665803,6,,,,1001,1012,,,
2026-03-15T23:20:54.985Z,market,trade,TESTE,99928.41939224997,98,,,,1008,1011,,,
2026-03-15T23:20:55.386Z,market,trade,TESTE,99930.22611051342,76,,,,1008,1012,,,
2026-03-15T23:20:55.805Z,market,trade,TESTE,99928.3111961201,184,,,,1003,1019,,,
2026-03-15T23:20:56.222Z,market,trade,TESTE,99941.0277028884,193,,,,1003,1012,,,
2026-03-15T23:20:56.625Z,market,trade,TESTE,99931.58953987318,118,,,,1003,1014,,,
2026-03-15T23:20:57.041Z,market,trade,TESTE,99933.84079156672,198,,,,1004,1017,,,
2026-03-15T23:20:57.445Z,market,trade,TESTE,99942.97998884403,146,,,,1007,1015,,,
2026-03-15T23:20:57.846Z,market,trade,TESTE,99947.97959300662,76,,,,1000,1018,,,
2026-03-15T23:20:58.246Z,market,trade,TESTE,99939.162463319,114,,,,1008,1018,,,
2026-03-15T23:20:58.661Z,market,trade,TESTE,99944.22808703684,187,,,,1003,1019,,,
2026-03-15T23:20:59.065Z,market,trade,TESTE,99932.67477994027,197,,,,1002,1016,,,
2026-03-15T23:20:59.480Z,market,trade,TESTE,99931.18094408925,138,,,,1002,1019,,,
2026-03-15T23:20:59.893Z,market,trade,TESTE,99930.4888871623,58,,,,1009,1013,,,
2026-03-15T23:21:00.301Z,market,trade,TESTE,99941.6947902968,175,,,,1006,1013,,,
2026-03-15T23:21:00.705Z,market,trade,TESTE,99937.21178594205,127,,,,1002,1019,,,
2026-03-15T23:21:01.120Z,market,trade,TESTE,99935.77485131472,86,,,,1005,1015,,,
2026-03-15T23:21:01.521Z,market,trade,TESTE,99931.51445252396,107,,,,1006,1013,,,
2026-03-15T23:21:01.925Z,market,trade,TESTE,99922.76577996308,78,,,,1002,1017,,,
2026-03-15T23:21:02.340Z,market,trade,TESTE,99925.2164559977,153,,,,1008,1017,,,
2026-03-15T23:21:02.742Z,market,trade,TESTE,99930.85015053672,104,,,,1008,1010,,,
2026-03-15T23:21:03.145Z,market,trade,TESTE,99930.61340053107,147,,,,1005,1010,,,
2026-03-15T23:21:03.546Z,market,trade,TESTE,99916.48447522997,148,,,,1003,1019,,,
2026-03-15T23:21:03.961Z,market,trade,TESTE,99912.53354178116,67,,,,1007,1019,,,
2026-03-15T23:21:04.365Z,market,trade,TESTE,99919.49873481384,86,,,,1000,1012,,,
2026-03-15T23:21:04.781Z,market,trade,TESTE,99906.43610151704,75,,,,1002,1016,,,
2026-03-15T23:21:05.185Z,market,trade,TESTE,99906.08827669162,155,,,,1008,1019,,,
2026-03-15T23:21:05.586Z,market,trade,TESTE,99914.0718103897,143,,,,1001,1010,,,
2026-03-15T23:21:05.996Z,market,trade,TESTE,99902.07333138098,141,,,,1001,1012,,,
2026-03-15T23:21:06.414Z,market,trade,TESTE,99914.26032501846,52,,,,1009,1018,,,
2026-03-15T23:21:06.824Z,market,trade,TESTE,99909.72350713843,164,,,,1003,1011,,,
2026-03-15T23:21:07.226Z,market,trade,TESTE,99901.89387648921,55,,,,1008,1016,,,
2026-03-15T23:21:07.639Z,market,trade,TESTE,99897.17861293168,51,,,,1009,1015,,,
2026-03-15T23:21:08.042Z,market,trade,TESTE,99911.17557187869,152,,,,1008,1017,,,
2026-03-15T23:21:08.453Z,market,trade,TESTE,99906.87391051155,22,,,,1006,1014,,,
2026-03-15T23:37:18.156Z,market,trade,TESTE,99993.28373813254,195,,,,JPM,BARCL,,,
2026-03-15T23:37:18.310Z,market,trade,TESTE,100005.78398272736,110,,,,BTG,CITI,,,
2026-03-15T23:37:18.467Z,market,trade,TESTE,99997.7813476645,59,,,,BTG,CS,,,
2026-03-15T23:37:18.623Z,market,trade,TESTE,99999.55375341793,30,,,,GOLDM,MS,,,
2026-03-15T23:37:18.778Z,market,trade,TESTE,99999.2642033197,12,,,,JPM,MS,,,
2026-03-15T23:37:18.933Z,market,trade,TESTE,100013.2509560673,70,,,,ITAU,BARCL,,,
2026-03-15T23:37:19.087Z,market,trade,TESTE,100006.64107764661,196,,,,BARCL,XP,,,
2026-03-15T23:37:19.245Z,market,trade,TESTE,100011.56536608645,91,,,,GOLDM,JPM,,,
2026-03-15T23:37:19.403Z,market,trade,TESTE,100014.99038658828,122,,,,CS,ITAU,,,
2026-03-15T23:37:19.584Z,market,trade,TESTE,100019.0131152527,84,,,,MS,CITI,,,
2026-03-15T23:37:19.745Z,market,trade,TESTE,100017.40280899763,30,,,,MS,BARCL,,,
2026-03-15T23:37:19.905Z,market,trade,TESTE,100031.05580481222,139,,,,BTG,CS,,,
2026-03-15T23:37:20.056Z,market,trade,TESTE,100034.84381481221,161,,,,MS,UBS,,,
2026-03-15T23:37:20.221Z,market,trade,TESTE,100036.35390202042,137,,,,CITI,CITI,,,
2026-03-15T23:37:20.376Z,market,trade,TESTE,100039.02284163548,84,,,,BARCL,MS,,,
2026-03-15T23:37:20.532Z,market,trade,TESTE,100032.16522171264,159,,,,MS,CITI,,,
2026-03-15T23:37:20.683Z,market,trade,TESTE,100046.64877110865,182,,,,BTG,XP,,,
2026-03-15T23:37:20.836Z,market,trade,TESTE,100032.23120379429,84,,,,JPM,XP,,,
2026-03-15T23:37:20.992Z,market,trade,TESTE,100036.55092438521,180,,,,MS,MS,,,
2026-03-15T23:37:21.149Z,market,trade,TESTE,100036.31931638833,91,,,,CITI,CS,,,
2026-03-15T23:37:21.301Z,market,trade,TESTE,100046.99875654174,75,,,,ITAU,UBS,,,
2026-03-15T23:37:21.456Z,market,trade,TESTE,100033.94904388337,26,,,,CITI,BTG,,,
2026-03-15T23:37:21.612Z,market,trade,TESTE,100043.24595857438,22,,,,BARCL,BTG,,,
2026-03-15T23:37:21.767Z,market,trade,TESTE,100042.01606639195,156,,,,MS,CITI,,,
2026-03-15T23:37:21.921Z,market,trade,TESTE,100042.20974609915,145,,,,GOLDM,JPM,,,
2026-03-15T23:37:22.078Z,market,trade,TESTE,100039.05211403129,143,,,,MS,UBS,,,
2026-03-15T23:37:22.232Z,market,trade,TESTE,100030.58085121658,20,,,,CITI,MS,,,
2026-03-15T23:37:22.390Z,market,trade,TESTE,100029.9198445862,163,,,,UBS,XP,,,
2026-03-15T23:37:22.547Z,market,trade,TESTE,100044.63735612211,121,,,,UBS,ITAU,,,
2026-03-15T23:37:22.700Z,market,trade,TESTE,100040.09257525293,175,,,,MS,ITAU,,,
2026-03-15T23:37:22.853Z,market,trade,TESTE,100028.61330770803,38,,,,JPM,MS,,,
2026-03-15T23:37:23.009Z,market,trade,TESTE,100031.39445288817,37,,,,BARCL,BTG,,,
2026-03-15T23:37:23.164Z,market,trade,TESTE,100039.12821154068,182,,,,MS,JPM,,,
2026-03-15T23:37:23.319Z,market,flow_inversion,,,,,,,,,-48,14,BTG
2026-03-15T23:37:23.319Z,market,trade,TESTE,100038.15292755977,62,,,,BTG,CS,,,
2026-03-15T23:37:23.475Z,market,flow_inversion,,,,,,,,,0,156,GOLDM
2026-03-15T23:37:23.475Z,market,trade,TESTE,100036.36453672517,156,,,,GOLDM,BTG,,,
2026-03-15T23:37:23.632Z,market,trade,TESTE,100030.7109314695,42,,,,BTG,CS,,,
2026-03-15T23:37:23.786Z,market,trade,TESTE,100030.75375740608,134,,,,CS,BTG,,,
2026-03-15T23:37:23.947Z,market,trade,TESTE,100032.58631351487,150,,,,BTG,CS,,,
2026-03-15T23:37:24.102Z,market,trade,TESTE,100041.82783033334,50,,,,CITI,UBS,,,
2026-03-15T23:37:24.257Z,market,flow_inversion,,,,,,,,,-115,62,UBS
2026-03-15T23:37:24.257Z,market,trade,TESTE,100043.30273065287,177,,,,UBS,GOLDM,,,
2026-03-15T23:37:24.412Z,market,trade,TESTE,100046.26967332276,132,,,,BTG,BARCL,,,
2026-03-15T23:37:24.570Z,market,trade,TESTE,100037.5827620656,124,,,,GOLDM,XP,,,
2026-03-15T23:37:24.725Z,market,trade,TESTE,100041.34193890083,138,,,,ITAU,CITI,,,
2026-03-15T23:37:24.881Z,market,trade,TESTE,100046.03127670955,22,,,,MS,CITI,,,
2026-03-15T23:37:25.036Z,market,trade,TESTE,100053.63978514512,108,,,,UBS,ITAU,,,
2026-03-15T23:37:25.194Z,market,trade,TESTE,100057.74282064407,50,,,,CS,GOLDM,,,
2026-03-15T23:37:25.352Z,market,trade,TESTE,100055.02600466085,95,,,,GOLDM,MS,,,
2026-03-15T23:37:25.504Z,market,trade,TESTE,100040.2242872905,107,,,,JPM,CITI,,,
2026-03-15T23:37:25.662Z,market,trade,TESTE,100049.1635855455,97,,,,JPM,BARCL,,,
2026-03-15T23:37:25.817Z,market,trade,TESTE,100043.06418406602,64,,,,MS,ITAU,,,
2026-03-15T23:37:25.974Z,market,trade,TESTE,100044.14150820037,83,,,,BARCL,JPM,,,
2026-03-15T23:37:26.128Z,market,trade,TESTE,100043.29723857173,84,,,,MS,ITAU,,,
2026-03-15T23:37:26.279Z,market,trade,TESTE,100050.0563653987,108,,,,ITAU,GOLDM,,,
2026-03-15T23:37:26.433Z,market,trade,TESTE,100035.28742671045,199,,,,UBS,CITI,,,
2026-03-15T23:37:26.592Z,market,trade,TESTE,100038.80537943669,198,,,,CITI,BARCL,,,
2026-03-15T23:37:26.746Z,market,trade,TESTE,100043.41382479845,23,,,,ITAU,ITAU,,,
2026-03-15T23:37:26.902Z,market,trade,TESTE,100049.16083867806,188,,,,BTG,CS,,,
2026-03-15T23:37:27.057Z,market,trade,TESTE,100041.49796062574,121,,,,CS,BARCL,,,
2026-03-15T23:37:27.247Z,market,trade,TESTE,100039.65702948239,155,,,,BTG,CS,,,
2026-03-15T23:37:27.402Z,market,trade,TESTE,100040.13010935018,158,,,,CITI,UBS,,,
2026-03-15T23:37:27.556Z,market,trade,TESTE,100046.04182455978,112,,,,MS,MS,,,
2026-03-15T23:37:27.714Z,market,trade,TESTE,100047.41540702496,166,,,,CS,MS,,,
2026-03-15T23:37:27.870Z,market,trade,TESTE,100040.05670014539,79,,,,GOLDM,ITAU,,,
2026-03-15T23:37:28.024Z,market,trade,TESTE,100039.05544097447,182,,,,GOLDM,CS,,,
2026-03-15T23:37:28.181Z,market,trade,TESTE,100052.68339334666,46,,,,ITAU,CITI,,,
2026-03-15T23:37:28.336Z,market,trade,TESTE,100046.40154369238,86,,,,CITI,BARCL,,,
2026-03-15T23:37:28.490Z,market,trade,TESTE,100056.41108018339,7,,,,MS,XP,,,
2026-03-15T23:37:28.644Z,market,trade,TESTE,100061.31172952763,51,,,,GOLDM,BTG,,,
2026-03-15T23:37:28.798Z,market,trade,TESTE,100064.06935357039,67,,,,XP,UBS,,,
2026-03-15T23:37:28.956Z,market,trade,TESTE,100057.25413436838,187,,,,ITAU,ITAU,,,
2026-03-15T23:37:29.108Z,market,trade,TESTE,100065.04007502983,123,,,,BTG,BTG,,,
2026-03-15T23:37:29.261Z,market,trade,TESTE,100066.82639034434,166,,,,CS,XP,,,
2026-03-15T23:37:29.418Z,market,trade,TESTE,100064.6659917239,55,,,,XP,BTG,,,
2026-03-15T23:37:29.572Z,market,trade,TESTE,100057.46287953819,74,,,,CS,UBS,,,
2026-03-15T23:37:29.728Z,market,trade,TESTE,100054.18978027704,118,,,,BARCL,CS,,,
2026-03-15T23:37:29.883Z,market,trade,TESTE,100059.29880484055,173,,,,JPM,MS,,,
2026-03-15T23:37:30.038Z,market,trade,TESTE,100056.27367797431,45,,,,GOLDM,MS,,,
2026-03-15T23:37:30.193Z,market,trade,TESTE,100044.19739709665,147,,,,GOLDM,CS,,,
2026-03-15T23:37:30.349Z,market,trade,TESTE,100046.99758088184,80,,,,MS,JPM,,,
2026-03-15T23:37:30.504Z,market,trade,TESTE,100059.6249946903,17,,,,CS,BTG,,,
2026-03-15T23:37:30.660Z,market,trade,TESTE,100051.13302422996,159,,,,JPM,BTG,,,
2026-03-15T23:37:30.815Z,market,trade,TESTE,100051.55622421247,20,,,,CITI,CITI,,,
2026-03-15T23:37:30.977Z,market,flow_inversion,,,,,,,,,70,-70,UBS
2026-03-15T23:37:30.977Z,market,trade,TESTE,100054.80319521924,140,,,,ITAU,UBS,,,
2026-03-15T23:37:31.132Z,market,trade,TESTE,100064.02076329794,101,,,,BARCL,UBS,,,
2026-03-15T23:37:31.288Z,market,trade,TESTE,100062.23506485533,175,,,,GOLDM,XP,,,
2026-03-15T23:37:31.444Z,market,trade,TESTE,100062.70171206491,179,,,,MS,GOLDM,,,
2026-03-15T23:37:31.602Z,market,flow_inversion,,,,,,,,,121,-27,BTG
2026-03-15T23:37:31.602Z,market,trade,TESTE,100049.94659819342,148,,,,GOLDM,BTG,,,
2026-03-15T23:37:31.768Z,market,trade,TESTE,100054.29073974662,17,,,,CITI,UBS,,,
2026-03-15T23:37:31.932Z,market,trade,TESTE,100063.63480404763,141,,,,BARCL,GOLDM,,,
2026-03-15T23:37:32.089Z,market,trade,TESTE,100065.40648771876,9,,,,GOLDM,GOLDM,,,
2026-03-15T23:37:32.247Z,market,trade,TESTE,100055.63759156944,88,,,,UBS,BARCL,,,
2026-03-15T23:37:32.404Z,market,trade,TESTE,100058.43722374145,137,,,,ITAU,BTG,,,
2026-03-15T23:37:32.561Z,market,trade,TESTE,100064.18815864247,61,,,,ITAU,CS,,,
2026-03-15T23:37:32.715Z,market,flow_inversion,,,,,,,,,46,-64,GOLDM
2026-03-15T23:37:32.715Z,market,trade,TESTE,100054.52712849011,110,,,,XP,GOLDM,,,
2026-03-15T23:37:32.871Z,market,trade,TESTE,100060.78195327817,23,,,,XP,BARCL,,,
2026-03-15T23:37:33.027Z,market,trade,TESTE,100058.71241381289,67,,,,JPM,CS,,,
2026-03-15T23:37:33.183Z,market,trade,TESTE,100061.17278338372,30,,,,ITAU,UBS,,,
2026-03-15T23:37:33.338Z,market,trade,TESTE,100063.62402282923,160,,,,CS,JPM,,,
2026-03-15T23:37:33.493Z,market,trade,TESTE,100065.97892499788,10,,,,XP,CITI,,,
2026-03-15T23:37:33.647Z,market,trade,TESTE,100051.73693332344,16,,,,ITAU,XP,,,
2026-03-15T23:37:33.803Z,market,trade,TESTE,100055.89376121189,106,,,,GOLDM,UBS,,,
2026-03-15T23:37:33.959Z,market,trade,TESTE,100054.74535227932,42,,,,XP,CITI,,,
2026-03-15T23:37:34.114Z,market,trade,TESTE,100065.59212494006,24,,,,MS,XP,,,
2026-03-15T23:37:34.269Z,market,trade,TESTE,100051.71667996839,61,,,,ITAU,CS,,,
2026-03-15T23:37:34.428Z,market,trade,TESTE,100047.61890255328,101,,,,CITI,XP,,,
2026-03-15T23:37:34.582Z,market,trade,TESTE,100056.98305645709,134,,,,MS,JPM,,,
2026-03-15T23:37:34.737Z,market,trade,TESTE,100052.74655040288,18,,,,XP,CITI,,,
2026-03-15T23:37:34.892Z,market,trade,TESTE,100043.86525509467,109,,,,JPM,UBS,,,
2026-03-15T23:37:35.047Z,market,trade,TESTE,100050.13681740512,64,,,,BARCL,XP,,,
2026-03-15T23:37:35.204Z,market,trade,TESTE,100038.39708022984,93,,,,BTG,MS,,,
2026-03-15T23:37:35.360Z,market,trade,TESTE,100035.90278862677,188,,,,MS,BARCL,,,
2026-03-15T23:37:35.516Z,market,trade,TESTE,100031.23537925027,66,,,,BTG,MS,,,
2026-03-15T23:37:35.671Z,market,trade,TESTE,100036.86929513222,96,,,,MS,XP,,,
2026-03-15T23:37:35.827Z,market,trade,TESTE,100030.71005873448,145,,,,GOLDM,BTG,,,
2026-03-15T23:37:35.977Z,market,trade,TESTE,100035.48244334344,42,,,,BTG,ITAU,,,
2026-03-15T23:37:36.139Z,market,trade,TESTE,100043.5804155,37,,,,ITAU,CITI,,,
2026-03-15T23:37:36.295Z,market,trade,TESTE,100044.13538670189,156,,,,UBS,BTG,,,
2026-03-15T23:37:36.460Z,market,trade,TESTE,100043.28980789633,12,,,,BARCL,UBS,,,
2026-03-15T23:37:36.617Z,market,trade,TESTE,100030.53722793968,166,,,,GOLDM,XP,,,
2026-03-15T23:37:36.788Z,market,trade,TESTE,100043.41875900523,60,,,,GOLDM,UBS,,,
2026-03-15T23:37:36.948Z,market,trade,TESTE,100029.05291206407,85,,,,BARCL,BARCL,,,
2026-03-15T23:37:37.105Z,market,trade,TESTE,100025.34448936973,105,,,,CITI,JPM,,,
2026-03-15T23:37:37.259Z,market,trade,TESTE,100033.38870847163,38,,,,GOLDM,JPM,,,
2026-03-15T23:37:37.413Z,market,trade,TESTE,100024.16208618546,112,,,,UBS,UBS,,,
2026-03-15T23:37:37.567Z,market,trade,TESTE,100035.07803811974,96,,,,MS,GOLDM,,,
2026-03-15T23:37:37.721Z,market,trade,TESTE,100029.93391206581,176,,,,BARCL,JPM,,,
2026-03-15T23:37:37.875Z,market,trade,TESTE,100028.01595455727,44,,,,ITAU,GOLDM,,,
2026-03-15T23:37:38.030Z,market,trade,TESTE,100031.23671223942,120,,,,BTG,CS,,,
2026-03-15T23:37:38.186Z,market,trade,TESTE,100039.38260210028,112,,,,BTG,BARCL,,,
2026-03-15T23:37:38.342Z,market,trade,TESTE,100037.48323327971,45,,,,UBS,ITAU,,,
2026-03-15T23:37:38.499Z,market,trade,TESTE,100024.69366772189,77,,,,CS,CITI,,,
2026-03-15T23:37:38.654Z,market,trade,TESTE,100022.599923991,183,,,,BTG,XP,,,
2026-03-15T23:37:38.809Z,market,trade,TESTE,100034.84334079619,199,,,,MS,CS,,,
2026-03-15T23:37:38.966Z,market,trade,TESTE,100034.28188560081,169,,,,CS,BTG,,,
2026-03-15T23:37:39.121Z,market,trade,TESTE,100021.85181845141,153,,,,UBS,ITAU,,,
2026-03-15T23:37:39.276Z,market,trade,TESTE,100017.20547510851,73,,,,GOLDM,GOLDM,,,
2026-03-15T23:37:39.432Z,market,trade,TESTE,100013.92357795319,140,,,,UBS,GOLDM,,,
2026-03-15T23:37:39.587Z,market,trade,TESTE,100023.71914446565,8,,,,MS,BARCL,,,
2026-03-15T23:37:39.744Z,market,trade,TESTE,100027.08557342604,126,,,,MS,XP,,,
2026-03-15T23:37:39.902Z,market,trade,TESTE,100013.7745651948,118,,,,UBS,MS,,,
2026-03-15T23:37:40.057Z,market,trade,TESTE,100025.18786283625,92,,,,CS,ITAU,,,
2026-03-15T23:37:40.209Z,market,trade,TESTE,100030.0649759142,128,,,,MS,BTG,,,
2026-03-15T23:37:40.366Z,market,trade,TESTE,100024.22786081993,128,,,,CS,CITI,,,
2026-03-15T23:37:40.524Z,market,trade,TESTE,100027.66971532306,156,,,,BTG,CITI,,,
2026-03-15T23:37:40.680Z,market,trade,TESTE,100029.54263114202,63,,,,MS,CITI,,,
2026-03-15T23:37:40.834Z,market,trade,TESTE,100038.08753583893,183,,,,XP,UBS,,,
2026-03-15T23:37:40.990Z,market,trade,TESTE,100023.23773334193,50,,,,CITI,BARCL,,,
2026-03-15T23:37:41.145Z,market,trade,TESTE,100021.7012453765,99,,,,GOLDM,UBS,,,
2026-03-15T23:37:41.301Z,market,trade,TESTE,100017.05776019598,165,,,,JPM,CS,,,
2026-03-15T23:37:41.458Z,market,trade,TESTE,100027.33907411277,37,,,,ITAU,BARCL,,,
2026-03-15T23:37:41.613Z,market,trade,TESTE,100028.89002346738,57,,,,ITAU,UBS,,,
2026-03-15T23:37:41.766Z,market,trade,TESTE,100027.60985612338,88,,,,ITAU,BTG,,,
2026-03-15T23:37:41.922Z,market,trade,TESTE,100017.34132654834,115,,,,MS,BTG,,,
2026-03-15T23:37:42.078Z,market,trade,TESTE,100017.56253741411,35,,,,GOLDM,BTG,,,
2026-03-15T23:37:42.232Z,market,trade,TESTE,100031.26137753474,191,,,,CITI,GOLDM,,,
2026-03-15T23:37:42.387Z,market,trade,TESTE,100018.15487330071,26,,,,GOLDM,GOLDM,,,
2026-03-15T23:37:42.543Z,market,trade,TESTE,100032.48561793822,5,,,,XP,XP,,,
2026-03-15T23:37:42.699Z,market,trade,TESTE,100026.37908771003,51,,,,BTG,MS,,,
2026-03-15T23:37:42.854Z,market,trade,TESTE,100029.83469464592,180,,,,GOLDM,BARCL,,,
2026-03-15T23:37:43.010Z,market,trade,TESTE,100027.62143898726,93,,,,GOLDM,JPM,,,
2026-03-15T23:37:43.166Z,market,trade,TESTE,100038.55292830181,69,,,,BARCL,UBS,,,
2026-03-15T23:37:43.322Z,market,trade,TESTE,100024.1690753613,125,,,,XP,MS,,,
2026-03-15T23:37:43.479Z,market,trade,TESTE,100030.2405008079,34,,,,MS,GOLDM,,,
2026-03-15T23:37:43.635Z,market,trade,TESTE,100029.49455144755,92,,,,UBS,ITAU,,,
2026-03-15T23:37:43.791Z,market,trade,TESTE,100025.85757599451,20,,,,GOLDM,MS,,,
2026-03-15T23:37:43.946Z,market,trade,TESTE,100014.73904286965,33,,,,CS,MS,,,
2026-03-15T23:37:44.102Z,market,trade,TESTE,100016.7077788348,12,,,,CS,XP,,,
2026-03-15T23:37:44.255Z,market,trade,TESTE,100030.32639356435,28,,,,MS,JPM,,,
2026-03-15T23:37:44.411Z,market,trade,TESTE,100015.4909028799,159,,,,XP,CITI,,,
2026-03-15T23:37:44.568Z,market,trade,TESTE,100028.88328321872,191,,,,CITI,GOLDM,,,
2026-03-15T23:37:44.724Z,market,trade,TESTE,100016.21905188345,29,,,,CITI,CS,,,
2026-03-15T23:37:44.879Z,market,trade,TESTE,100018.9860488746,23,,,,CS,BTG,,,
2026-03-15T23:37:45.035Z,market,trade,TESTE,100033.10904439271,162,,,,UBS,UBS,,,
2026-03-15T23:37:45.191Z,market,trade,TESTE,100031.24650749163,100,,,,JPM,CS,,,
2026-03-15T23:37:45.346Z,market,trade,TESTE,100035.8902771611,139,,,,JPM,ITAU,,,
2026-03-15T23:37:45.502Z,market,trade,TESTE,100023.79196664515,142,,,,BTG,UBS,,,
2026-03-15T23:37:45.658Z,market,trade,TESTE,100036.8579212777,15,,,,UBS,ITAU,,,
2026-03-15T23:37:45.814Z,market,trade,TESTE,100032.34113671158,59,,,,JPM,CITI,,,
2026-03-15T23:37:45.970Z,market,trade,TESTE,100027.77440471404,95,,,,MS,JPM,,,
2026-03-15T23:37:46.126Z,market,trade,TESTE,100018.39280234845,79,,,,UBS,CITI,,,
2026-03-15T23:37:46.279Z,market,trade,TESTE,100033.23244518331,98,,,,UBS,BTG,,,
2026-03-15T23:37:46.435Z,market,trade,TESTE,100028.38769975636,76,,,,GOLDM,BARCL,,,
2026-03-15T23:37:46.593Z,market,trade,TESTE,100029.07410591826,60,,,,MS,JPM,,,
2026-03-15T23:37:46.748Z,market,trade,TESTE,100024.41422683846,86,,,,CITI,GOLDM,,,
2026-03-15T23:37:46.904Z,market,trade,TESTE,100025.32736137761,91,,,,UBS,UBS,,,
2026-03-15T23:37:47.059Z,market,trade,TESTE,100011.23764090611,103,,,,UBS,UBS,,,
2026-03-15T23:37:47.216Z,market,trade,TESTE,100010.48516582671,124,,,,CS,GOLDM,,,
2026-03-15T23:37:47.373Z,market,trade,TESTE,100010.86344181951,145,,,,ITAU,CS,,,
2026-03-15T23:37:47.526Z,market,trade,TESTE,100010.34563305852,84,,,,ITAU,BARCL,,,
2026-03-15T23:37:47.680Z,market,trade,TESTE,100013.96144078083,42,,,,CITI,ITAU,,,
2026-03-15T23:37:47.834Z,market,trade,TESTE,100025.32866930161,116,,,,MS,CS,,,
2026-03-15T23:37:47.990Z,market,trade,TESTE,100021.91179323572,26,,,,MS,BARCL,,,
2026-03-15T23:37:48.144Z,market,trade,TESTE,100016.06447495754,106,,,,JPM,GOLDM,,,
2026-03-15T23:37:48.302Z,market,trade,TESTE,100029.53583406028,111,,,,BARCL,CS,,,
2026-03-15T23:37:48.457Z,market,trade,TESTE,100014.65196060862,142,,,,MS,CITI,,,
2026-03-15T23:37:48.613Z,market,trade,TESTE,100024.03930539761,55,,,,XP,BTG,,,
2026-03-15T23:37:48.768Z,market,trade,TESTE,100015.97797908928,119,,,,BTG,GOLDM,,,
2026-03-15T23:37:48.923Z,market,trade,TESTE,100025.08602622664,114,,,,GOLDM,MS,,,
2026-03-15T23:37:49.078Z,market,trade,TESTE,100010.16949101536,170,,,,CS,CS,,,
2026-03-15T23:37:49.233Z,market,trade,TESTE,100013.15528420433,187,,,,JPM,JPM,,,
2026-03-15T23:37:49.388Z,market,trade,TESTE,100009.99094964984,74,,,,BTG,BTG,,,
2026-03-15T23:37:49.544Z,market,trade,TESTE,100015.18143596222,199,,,,XP,MS,,,
2026-03-15T23:37:49.698Z,market,trade,TESTE,100003.31013706287,185,,,,JPM,BARCL,,,
2026-03-15T23:37:49.855Z,market,trade,TESTE,100002.01220585573,9,,,,XP,ITAU,,,
2026-03-15T23:37:50.012Z,market,trade,TESTE,100003.78311597751,53,,,,JPM,CS,,,
2026-03-15T23:37:50.169Z,market,trade,TESTE,100000.59572750243,38,,,,BARCL,UBS,,,
2026-03-15T23:37:50.326Z,market,trade,TESTE,99999.72037096985,150,,,,CS,UBS,,,
2026-03-15T23:37:50.484Z,market,trade,TESTE,99997.6608616574,166,,,,CITI,MS,,,
2026-03-15T23:37:50.638Z,market,trade,TESTE,100007.6289198133,28,,,,UBS,MS,,,
2026-03-15T23:37:50.795Z,market,trade,TESTE,100003.27523080607,127,,,,CITI,MS,,,
2026-03-15T23:37:50.949Z,market,trade,TESTE,99990.40625284868,93,,,,MS,MS,,,
2026-03-15T23:37:51.105Z,market,trade,TESTE,99994.24099615094,54,,,,ITAU,ITAU,,,
2026-03-15T23:37:51.261Z,market,trade,TESTE,100007.64610600584,43,,,,BARCL,GOLDM,,,
2026-03-15T23:37:51.417Z,market,trade,TESTE,100010.43488397924,138,,,,UBS,XP,,,
2026-03-15T23:37:51.575Z,market,trade,TESTE,100012.46869981027,64,,,,GOLDM,BTG,,,
2026-03-15T23:37:51.730Z,market,trade,TESTE,100007.55248202251,75,,,,GOLDM,ITAU,,,
2026-03-15T23:37:51.884Z,market,trade,TESTE,99998.03806580107,124,,,,GOLDM,UBS,,,
2026-03-15T23:37:52.040Z,market,trade,TESTE,100004.30573677373,46,,,,JPM,CITI,,,
2026-03-15T23:37:52.195Z,market,trade,TESTE,100003.92853858216,85,,,,BARCL,MS,,,
2026-03-15T23:37:52.350Z,market,trade,TESTE,100007.56432070026,186,,,,JPM,CS,,,
2026-03-15T23:37:52.506Z,market,trade,TESTE,100006.6402432868,194,,,,CITI,BARCL,,,
2026-03-15T23:37:52.663Z,market,trade,TESTE,99991.83112487693,48,,,,ITAU,GOLDM,,,
2026-03-15T23:37:52.820Z,market,trade,TESTE,99996.38236558548,131,,,,XP,CITI,,,
2026-03-15T23:37:52.977Z,market,trade,TESTE,99999.22893614821,144,,,,XP,ITAU,,,
2026-03-15T23:37:53.132Z,market,trade,TESTE,100002.73014665434,28,,,,GOLDM,JPM,,,
2026-03-15T23:37:53.286Z,market,trade,TESTE,100002.69984599909,46,,,,XP,JPM,,,
2026-03-15T23:37:53.443Z,market,trade,TESTE,100002.63261943577,41,,,,CS,CITI,,,
